1641 3011
189 164 506 221 nionoomrmm
571 171 574 174 ·
635 161 666 235 63
738 231 739 234 Ν

40 295 65 345 iu
75 285 162 357 libello,
171 287 200 343 de
211 291 296 362 cryptis
306 284 478 356 Kijovienfibus
487 329 495 356 ,
520 282 600 342 frustm
610 302 667 356 ergo

42 368 77 424 hae
88 372 229 423 narrationes
244 368 384 435 Lutherrnis
397 366 491 422 auribus
502 384 551 419 non
560 364 669 418 arrident

82 449 130 499 XI.
140 430 670 507 Concludamusabeiusdemcommendatione

42 526 84 592 rei,
99 543 169 599 quum
178 545 221 583 vos
231 544 328 602 quoque
337 528 362 592 in
371 526 417 580 fine
427 526 505 598 scripti
515 524 582 578 vestri
592 523 670 577 nomi
701 538 702 541 ¹

43 605 108 656 nutis.
141 608 209 659 Licet
219 626 268 661 non
279 603 364 660 eodem
374 602 458 660 nffeiiu
468 602 583 659 excitabat
592 619 637 657 vos
646 602 672 654 in
696 631 697 635 =

43 683 81 736 suu
93 682 198 756 exempla
209 685 236 740 ari
247 685 384 739 charitatem
390 682 543 738 Christianam
552 687 618 738 Pater
623 681 671 733 Mi-

44 760 118 828 chael,
129 780 177 835 quo
188 782 231 818 vos
242 763 309 817 iilum
320 762 439 817 charitatis
453 774 573 832 expertem
583 759 627 813 effe
637 758 672 812 di-

45 842 105 907 citis,
114 859 184 914 quam
194 842 258 908 juste,
269 860 313 895 vos
322 842 435 908 viderim,
449 839 509 893 mihi
518 839 614 913 quidem
624 854 673 890 non

46 917 138 990 videtur
149 919 266 974 charitatis
276 938 359 992 expers
370 919 422 987 eise,
429 921 470 992 qui
480 917 538 972 ulios
552 921 635 971 inritat
645 915 674 969 ad

12 1053 15 1063 ,,
46 1009 154 1055 mutuum
170 997 312 1053 charitatem.
353 1004 452 1053 invitare
466 996 569 1052 enimad
579 997 675 1050 chorita·

46 1087 109 1143 tem,
121 1083 205 1146 'migne
220 1077 318 1131 charitas
334 1078 371 1132 est.
413 1077 549 1131 nieorum
565 1077 675 1148 inquiunt

49 1154 160 1208 coneeffit
169 1169 266 1226 purtem,
277 1159 317 1229 qui
327 1173 416 1224 omnm,
427 1173 475 1210 non
484 1157 527 1223 itr‚'
535 1156 569 1207 uti
579 1151 674 1225 ipficte-

48 1232 114 1301 dum,
124 1233 247 1288 sentientes
257 1233 442 1289 Christianorum
458 1236 555 1288 nomine
566 1233 676 1302 indignos

41 1309 93 1364 ¹effe
103 1324 192 1381 putant.
229 1309 332 1364 Desinite
343 1311 548 1384 quaesoaliquundo
559 1309 678 1363 undeno-

49 1387 86 1441 bis
97 1391 223 1463 conqueri,
239 1389 327 1443 multos
337 1392 401 1442 enim
410 1407 440 1442 ex
450 1388 529 1443 vestiis
540 1388 603 1442 idem
614 1391 679 1458 inge-

50 1470 141 1522 minare
154 1487 204 1524 non
218 1466 264 1522 fine
280 1468 483 1523 tdniimtionet
446 1481 483 1522 tot
485 1470 548 1521 iesnr
540 1468 604 1522 odio.
640 1472 679 1520 An

52 1550 116 1600 enim
127 1547 211 1616 justum
220 1565 252 1618 pu
254 1550 350 1616 tatis‚ut
323 1565 409 1615 uem,
420 1566 464 1631 qut
458 1543 585 1601 doiirinu
595 1545 681 1600 christi

52 1644 101 1681 non
111 1645 230 1696 petoni
189 1643 236 1679 nu
241 1619 422 1700 obsequuntur
414 1641 437 1680 ur
438 1646 484 1700 que
493 1627 551 1680 adeo
561 1624 602 1696 ipfi
612 1625 681 1679 Chri-

53 1705 88 1757 sto
98 1703 171 1758 fidem
180 1704 304 1773 derogant
319 1723 387 1760 veros
400 1723 513 1759 vocemus
524 1700 681 1758 Christianos?

29 1855 31 1857 ‚
54 1785 145 1836 Diceris
160 1801 203 1853 ros
214 1800 255 1854 per
265 1786 344 1837 omnin
356 1800 435 1854 parere
449 1783 473 1837 tii
487 1781 535 1836 obt
529 1802 583 1855 equi
578 1782 681 1835 Christi

55 1861 195 1930 Evangeli03
214 1860 252 1913 sed
267 1858 314 1914 hoc
329 1861 398 1916 nobis
413 1880 461 1915 non
471 1860 587 1931 probatis:
605 1860 681 1914 donec

56 1956 113 2008 ergo
124 1952 163 1992 unt
173 1939 220 1992 hoc
230 1937 321 2011 liquido
334 1957 384 1992 non
398 1939 542 1993 ostenderitis
552 1945 565 2006 ‚'
586 1952 626 1991 aut
639 1957 682 1992 no-

56 2016 104 2069 stru
119 2035 167 2071 non
183 2015 326 2077 adhererent
338 2013 447 2085 Ecclesut
463 2034 511 2071 non
521 2035 578 2087 ugre
588 2020 683 2072 interim

56 2092 143 2166 feratu,
148 2093 326 2150 Christianumn
330 2094 398 2150 nobis
409 2095 504 2150 titulum
511 2094 579 2151 vobis
588 2114 637 2152 non
643 2096 684 2151 de

59 2172 120 2229 ferri
155 2173 329 2247 Ipfivosetiam
340 2178 407 2230 Rom.
414 2179 474 2229 Pont
476 2174 553 2229 ificem
562 2175 684 2230 nonChri-

57 2255 167 2324 stianum',
179 2254 257 2324 credo
267 2255 362 2321 voeatis
372 2256 496 2308 eumdieit'
480 2249 687 2308 tiseffeAntichti-

61 2334 129 2388 stum
178 2335 263 2388 Nescio
276 2345 355 2387 utrum
368 2331 422 2386 aiios
431 2351 526 2406 quoque
536 2330 607 2388 seties
617 2333 688 2389 vobis

48 2414 187 2468 eontrarins
198 2411 293 2484 fingulas
308 2408 392 2466 Christi
407 2415 601 2483 congregationes
611 2413 690 2487 appel·
717 2454 720 2466 ,

63 2491 111 2546 lare
120 2489 266 2562 dignemini?
284 2490 327 2544 Sed
333 2493 444 2545 nimirum
450 2491 543 2561 honest,
549 2494 615 2568 quod
624 2508 691 2548 antea

65 2568 691 2641 erinnmduertiveilevonDeiEcciefiumetiamexdi-

0 2665 4 2732 }
64 2649 193 2721 scurribus,
204 2653 281 2710 seeum
291 2650 447 2724 pugnantibus
462 2652 575 2708 membris
585 2653 690 2785 confiliri'

1 2747 2 2750 ’
627 2763 629 2765 -
659 2748 690 2786 oe
