1641 3011
128 181 238 246 nullan
256 181 459 237 IMPERATRlCl
480 180 588 251 DICTA.
642 193 684 253 145

91 311 122 362 Et
132 299 252 363 bonorum
262 306 359 383 quidem
368 305 425 361 dum
436 301 500 364 ¹mala
514 307 626 375 ingruunt
634 322 684 371 rne-

56 386 147 444 miniffe
162 387 209 459 ipsa
222 405 266 441 nos
282 399 363 440 natura
377 385 470 439 videtur
484 402 576 455 cogere.
613 388 686 454 Tune

57 468 122 522 enirn
132 464 200 521 bona
210 465 358 529 ualetudinis,
367 477 393 518 ut
403 463 451 521 hoc
465 482 510 537 pto
525 462 636 536 exemplo
650 463 686 518 su-

58 561 158 613 mamus,
166 547 268 617 pretium
278 542 549 619 cognoscimus,quando
559 561 611 619 earn
620 546 687 598 amit-

58 627 137 679 timus.
165 627 199 677 At
208 622 307 690 meliore
319 621 391 677 afflata
401 639 463 691 aura,
472 617 562 687 turbidi
572 623 688 695 temporis

35 711 37 714 ’
58 698 688 776 obliuisciconsuetudoestquidemsedprofedopra-

59 782 121 835 va&
136 784 216 837 noxia.
252 781 369 838 Stolidum
387 778 511 853 hominem
525 783 575 847 jure
592 780 687 849 dixerit,

59 862 134 935 quiin
143 860 240 915 candem
251 857 344 915 foueam
356 858 392 913 bis
401 859 495 924 incidat,
504 872 543 922 aut
552 857 633 914 cibum
644 877 687 930 po-

59 951 142 996 tumve
152 939 309 1010 concupiscat,
320 957 369 1013 quo
379 951 432 993 ante
440 956 516 1011 prope
530 936 625 992 enedus
635 935 687 991 fuit.

60 1020 90 1071 Et
99 1036 143 1072 nos
151 1021 244 1073 ‘tantam
253 1015 370 1073 rnalorum
379 1017 474 1073 Iliadem
486 1036 516 1071 ex
524 1018 631 1089 dillrpato
643 1020 687 1070 im·

60 1099 128 1167 perio
139 1094 439 1168 toties·experti„finemus
455 1095 493 1150 illa
506 1096 588 1151 nostris
603 1097 687 1149 animis

61 1172 184 1229 excidere?
200 1177 320 1231 autetiam
331 1173 393 1228 ultro
403 1193 429 1229 ea
440 1172 593 1245 expetentur?
607 1172 687 1251 Qan-

62 1264 99 1307 tus
109 1270 167 1308 vero
176 1251 216 1306 hic
226 1269 321 1325 quoque
332 1253 411 1322 stupor
424 1254 468 1320 etr,
483 1254 583 1323 prasens
596 1251 688 1305 bonum

61 1348 111 1385 non
121 1330 212 1398 sentire,
222 1329 260 1383 scd
270 1327 363 1383 utillud
373 1330 441 1384 suave
452 1327 532 1401 inpar
542 1325 689 1385 amissionem

62 1407 123 1462 velle
132 1410 240 1480 experiri.
257 1410 317 1461 Ecce
327 1409 392 1461 enim
402 1406 541 1475 nonmultis
553 1406 639 1463 abhinc
649 1425 700 1467 an·.

62 1490 99 1541 nis
109 1485 248 1542 collibuerat
257 1485 397 1562 quibusdam
406 1486 595 1559 Schuischianam
607 1485 690 1558 guber-

62 1569 184 1621 nationem
194 1563 254 1640 quasr
266 1584 296 1619 ex
305 1562 385 1619 inferis
395 1565 511 1620 revocare.
536 1568 600 1644 Qid
610 1580 690 1621 autern

64 1645 235 1720 consequutum
245 1642 329 1714 alletia
338 1644 386 1700 hoc
397 1644 451 1699 cffet
457 1642 546 1716 plebeis
552 1648 630 1713 etiam,
638 1647 689 1719 qui-

64 1722 108 1778 bus
118 1742 160 1779 cor
170 1724 210 1791 est,
219 1724 309 1777 nonest
318 1722 413 1778 difficile
423 1723 532 1778 divinare.
559 1727 646 1777 Denuo
657 1735 689 1778 ta-

46 1829 53 1842 1·
63 1820 120 1857 men
129 1801 305 1874 Benignislrmus
315 1806 421 1858 Servatur
430 1802 507 1857 noster
517 1803 608 1875 pristina
619 1802 690 1856 bene-

63 1880 160 1935 ficiasua
166 1879 236 1935 nobis
242 1883 344 1953 repetiit,
351 1895 487 1956 veteresque
497 1880 636 1936 calamitates
643 1884 691 1948 jam

65 1971 194 2015 remeantes
209 1959 297 2026 rejecit,
311 1971 381 2033 atque
397 1958 560 2015 Monarchiani
575 1962 637 2033 apud
647 1978 691 2016 nos

64 2035 232 2094 moribundam
240 2040 431 2106 recreavit‚,curn
442 2046 594 2111 Avoasran
615 2044 692 2094 laran-

66 2135 186 2170 nararcr
206 2134 333 2169 noscare
354 2118 691 2193 Annna‚solidurnatquc·in-

48 2195 192 2253 „dividuum
202 2192 383 2265 gubernaculum
397 2196 515 2251 cancellat.
531 2200 605 2251 Etiam
615 2196 653 2250 vel
666 2197 692 2248 in

66 2273 111 2328 hac
126 2273 172 2328 sola
182 2274 234 2328 data
247 2272 315 2329 nobis
331 2276 438 2347 Principe
451 2274 580 2330 luculenter
593 2276 692 2330 demon-

67 2354 127 2422 strat,
138 2355 163 2406 in
177 2347 231 2412 uno¹
243 2354 353 2408 duntaxat
368 2357 442 2425 capite
456 2358 531 2428 vitam
543 2350 626 2426 nobis,
635 2354 693 2408 salu-

68 2443 206 2505 tern-atque
216 2432 403 2488 incolumitatem
413 2436 520 2498 retineri,
536 2452 566 2487 ex
580 2439 694 2489 unotan-

68 2524 121 2564 turn
130 2508 198 2564 fonte
208 2510 231 2563 a
242 2511 368 2567 commoda
381 2510 404 2564 dt
417 2511 593 2567 decora'fluere.
629 2517 694 2567 Num

68 2589 126 2664 quid
142 2592 208 2645 annia
227 2588 267 2644 hic
287 2590 355 2647 nobis
370 2588 485 2645 incumbit
501 2590 618 2662 indagatio
635 2603 694 2666 quot

69 2670 130 2724 dona
140 2687 153 2723 a
163 2667 320 2728 Moderatrice
334 2671 427 2726 dextera
440 2670 487 2740 illa,
503 2688 552 2746 qua
567 2670 694 2724 utilitatum

383 2753 404 2805 tt
631 2767 696 2805 comm
