1641 3011
94 159 124 222 58
181 126 349 206 aurora.
373 148 685 229 anouoaonuez,

96 272 725 348 ostendendam,veladalicujuscoarguendaminiqui-

95 369 175 421 tatem,
183 353 221 407 vel
230 352 258 407 ad
268 352 363 427 aliquod
372 358 443 410 etiam
455 355 539 425 dogma
545 355 614 423 fidei,
632 355 724 428 sednon

97 432 212 508 peculiare
223 428 358 502 taliasedla,
368 452 451 489 verum
461 446 588 491 commune
597 433 726 490 Catholicis

97 511 308 584 comprobandum.
335 513 458 581 Ejusmodi
474 511 726 574 censetur-illudfuiffe

98 590 246 660 miraculum,
256 591 320 665 quod
331 591 438 647 historici
448 595 541 649 tradunt
547 591 608 667 apud
614 595 726 651 Arrianus

97 671 156 727 olim
168 670 295 741 contigiffe,
305 674 417 725 nimirum
426 691 481 727 cum
491 674 519 729 ad
528 673 672 744 Baptismum
689 670 727 724 ad-

97 748 181 805 dutius
192 748 253 819 effer,
263 752 303 824 qui
313 752 359 817 jam
370 748 447 805 luerat
455 749 591 822 baptisatus,
605 762 640 802 ter
651 747 724 802 infulia

98 832 124 884 in
133 827 250 886 concham
259 845 325 902 aqua,
336 842 371 883 ter
381 827 537 901 spedlantibus
551 833 591 903 qui
601 826 724 895 adstabant,

98 911 200 976 euanuit,
210 926 259 983 quo
267 906 331 978 liguo
341 927 390 963 non
400 912 498 965 Antiana
509 908 592 980 religio
604 905 727 962 confirma-

99 985 175 1054 batur,
185 986 224 1039 sed
234 986 404 1056 ostendebatur,
420 1007 468 1042 uon
478 988 637 1060 placereDcO,
650 997 676 1038 ut
687 989 728 1038 Ba·
763 1040 765 1047 ,Ἴ

99 1069 201 1140 ptismus
212 1068 316 1119 iteretur.
353 1064 420 1120 Talia
430 1085 487 1138 ergo
497 1064 607 1121 miracula
617 1062 666 1118 non
675 1064 728 1118 lunt

99 1163 144 1201 nec
153 1143 246 1217 poliunt
255 1145 298 1200 elle
308 1165 366 1200 uera
375 1145 477 1201 Ecclesia
487 1144 553 1217 ligna,
564 1142 730 1199 multominus
781 1168 784 1173 =
795 1163 797 1167 ’

99 1220 730 1298 fignacruntDamonumpraestigiaautfigmcntaho·

101 1307 199 1358 minum.
251 1308 283 1357 At
294 1322 351 1358 vero
365 1323 415 1379 quac
425 1308 484 1359 mira
499 1306 596 1359 edantur
610 1302 730 1367 divinitus,

101 1401 151 1457 qua
161 1382 250 1437 conilet
261 1383 304 1437 effe
314 1383 388 1453 edita,
409 1384 438 1457 ad
453 1381 613 1437 exhibendum
622 1377 731 1432 >testimo-

102 1464 170 1523 nium
180 1463 283 1515 veritatis
292 1459 402 1529 Ecclesia,
412 1460 450 1515 illa
460 1466 541 1535 utiquc
551 1463 603 1535 quis
612 1459 731 1528 negaverit

103 1538 163 1611 figna
179 1537 229 1593 effe.
260 1539 331 1594 Addo
349 1553 426 1594 tamen
441 1543 582 1609 cautionem,
592 1537 608 1594 fi
618 1538 731 1592 nimirum

102 1614 214 1674 uel'nltro
225 1615 295 1672 nobis
305 1620 375 1673 ctiam
384 1636 433 1674 non
444 1618 613 1691 pullulantibus
619 1617 682 1685 fiant,
692 1614 731 1670 uel

102 1697 169 1774 quod
178 1698 281 1751 maxime
289 1695 460 1752 observandum
465 1699 607 1765 censuerim,
621 1694 638 1750 si
648 1712 731 1764 magna

103 1773 627 1850 prasertimpublicafucriteorumncceffitas.
664 1773 731 1846 Vnde

103 1859 180 1911 Patres
191 1851 318 1925 prohibent
324 1855 349 1907 in
354 1856 453 1924 negotio
462 1854 517 1909 fidei
527 1854 647 1927 provacari
653 1852 681 1905 ad
686 1853 731 1905 mi-

104 1931 192 1998 facula,
209 1931 293 1986 sufficit
303 1936 366 1986 enim
376 1930 445 1987 nobis
456 1935 571 2005 Scriptura
580 1937 600 1987 S.
606 1932 634 1988 ad
644 1927 731 1985 confir·

104 2011 211 2068 mandam
222 2013 360 2081 veritatem,
388 2011 412 2065 dr
426 2014 466 2087 qui
481 2014 597 2085 Scriptura
606 2022 744 2083 contentus,

104 2112 153 2148 non
162 2090 223 2159 esset,
233 2089 272 2145 ille
282 2092 363 2164 utique
373 2110 421 2146 non
433 2094 494 2146 inter
505 2090 636 2159 hareticoS,
647 2089 686 2143 sed
696 2091 730 2141 in-

104 2185 139 2225 ter
149 2170 262 2225 Ethnicos
268 2168 321 2233 eslet
327 2171 490 2226 numerandus.
517 2173 584 2225 'Fieri
594 2184 671 2223 tamen
678 2180 736 2239 pot··

105 2252 144 2319 cll,
156 2263 182 2303 ut
196 2251 290 2302 caecitati
307 2248 345 2302 vel
362 2247 512 2303 obstinationi
526 2248 652 2303 hominum
668 2246 731 2300 ultro

77 2322 78 2328 ’
105 2328 161 2398 sape
172 2326 302 2382 misericors
313 2330 379 2381 Deus
393 2325 460 2398 fignis
471 2328 539 2382 editis
554 2326 674 2381 consulere
682 2343 732 2379 uon

104 2405 255 2476 dedignetur,
277 2405 323 2460 talc
337 2406 368 2459 est
377 2406 442 2460 'inter
457 2425 506 2462 non
517 2423 586 2477 pauca
597 2404 683 2478 insigne
692 2403 732 2459 ad-

104 2485 205 2539 modum
213 2488 260 2539 Dei
272 2504 332 2557 opus
341 2487 366 2538 in
377 2489 453 2541 Graca
465 2482 574 2555 Ecclesia,
592 2486 616 2541 di
629 2482 692 2540 nulla
704 2485 731 2537 iu

105 2561 148 2619 alia
161 2561 212 2616 ficri
222 2563 322 2633 solitum,
340 2565 405 2639 quod
414 2563 429 2619 fi
438 2567 492 2640 quis
501 2582 512 2618 a
521 2566 633 2620 Pontificc
642 2562 733 2621 Ortho-

106 2643 171 2700 douo
181 2639 326 2699 anathemate
335 2644 460 2717 percuilm,
469 2645 515 2699 vita
525 2645 655 2716 excesserit,
668 2640 733 2698 cada·
792 2666 793 2669 ¹

694 2739 734 2778 ter
