1641 3011
132 148 170 206 '80
206 105 348 195 nuncin.
367 88 604 194 ruonorouucz,
618 138 725 224 aron..

135 283 178 319 mo
195 281 247 320 non
262 261 339 317 videat
345 260 540 336 ,hominumque
553 262 631 318 oculis
649 261 759 357 exposita,

136 342 222 420 quibus
236 338 323 438 centies
338 359 380 414 per
395 341 459 396 diem
476 342 553 413 excipi
546 341 674 400 videmus
680 347 770 432 ‚quic

136 423 212 496 quaeso
230 404 356 479 obstlnatus
370 433 394 476 et
384 422 478 476 tdurus
492 420 551 475 adeo
565 418 645 491 fuerit
660 438 687 478 ut
701 443 757 480 con-

135 502 291 556 lervationem
301 501 439 556 huiusmodi
453 500 556 555 humano
572 512 607 554 art
597 466 684 571 tifido,
699 520 758 557 cura

136 580 403 654 diligentiavirtutique
417 593 547 634 aromatum
561 592 655 652 accepta
667 578 758 635 referat.

135 660 179 712 Sed
200 671 291 710 certum
304 659 343 724 est,
358 676 478 730 nunquam
493 658 541 712 baec
560 676 658 728 corpora
674 659 759 714 inclusa

134 734 207 803 fulde,
226 747 252 788 ut
268 734 356 788 constat
370 755 400 789 ex
414 737 514 809 antiquis
528 735 641 790 historiis:
658 756 702 792 nec
715 737 759 792 ob-

135 815 184 883 stat,
195 814 259 886 quod
269 811 331 868 forte
340 815 461 884 ingruente
471 813 548 889 aliqua
562 814 692 871 calamitate
702 816 759 871 ostia

136 896 275 964 Cryptarum
291 889 409 956 oblltulla
424 890 525 960 fuerint,
541 911 596 950 nam
611 913 687 968 neque
700 906 760 949 tem-

133 973 224 1043 poraria
233 968 361 1026 obstrullio
368 971 496 1045 quidquam
504 971 651 1028 valetcontra
661 976 710 1027 vim
719 992 758 1029 na-

135 1065 198 1119 tura,
208 1049 246 1103 sed
255 1062 345 1117 tantum
355 1062 435 1104 contra
447 1049 584 1104 violentiam
594 1049 759 1121 humanam&

136 1149 185 1184 non
199 1132 340 1197 communia,
354 1129 393 1183 sed
407 1131 501 1200 propria
513 1130 639 1202 requiritur
649 1129 760 1199 occlufio,

136 1228 186 1284 qua
201 1208 288 1261 scilicet
302 1206 406 1283 undique
421 1205 521 1277 ambiat,
535 1207 558 1261 br
573 1211 650 1279 tangat
665 1226 759 1280 corpm,

135 1301 162 1341 ut
170 1289 244 1359 patuit
254 1305 284 1341 ex
298 1285 380 1357 ligneis
393 1286 484 1362 statuis,
502 1284 587 1360 quibus
602 1287 710 1340 cadavera
725 1289 760 1341 in-

133 1363 286 1420 cludebantur
296 1363 411 1420 referente
417 1364 551 1418 Herodoto.
588 1366 648 1441 Qus
658 1367 760 1420 itemvc·
777 1359 782 1364 N

135 1444 163 1497 lit
176 1443 270 1511 credere
284 1441 349 1495 fuille
369 1441 493 1516 aliquando
512 1443 608 1509 Kijoviae
622 1443 646 1496 dr
658 1443 760 1498 floruisse

135 1535 208 1577 artem
218 1521 312 1575 curandi
323 1521 555 1591 cadaverarlegyptia
564 1536 613 1574 non
625 1519 760 1592 absimilem,

134 1599 177 1655 &fi
186 1598 239 1670 fuit,
248 1618 290 1653 cur
301 1611 391 1653 tacetur
401 1597 429 1654 ab
436 1597 559 1653 historicis.
594 1601 664 1653 Certe
675 1600 713 1654 vel
722 1600 761 1656 illa

134 1681 181 1751 ipsa
193 1677 311 1733 celebrem
328 1676 431 1733 fecissent
442 1676 576 1731 'civitatem
595 1690 635 1732 aut
649 1696 692 1732 cur
706 1681 760 1733 arti-

133 1760 189 1813 fices
200 1755 292 1812 illinon
303 1756 390 1811 ducum
405 1758 485 1828 potius
499 1757 538 1810 aut
553 1757 699 1829 Principum,
719 1757 758 1812 sed

133 1854 261 1910 pauperum
276 1835 403 1890 hominum
433 1834 497 1905 (erat
512 1837 576 1888 enirn
588 1853 614 1890 ea
624 1836 760 1908 tempestate

132 1915 453 1972 PecuarienseMonasterium
463 1917 533 1985 inops
545 1912 693 1988 admodum)
707 1934 759 1972 cor·
780 1921 782 1923 ’

133 1993 231 2070 poribus
241 1994 347 2048 curandis
362 2011 458 2067 operam
470 1992 622 2049 collocarunt.
660 1998 710 2069 Qui
720 2013 758 2049 au-

133 2090 183 2131 tern
194 2075 243 2128 fieri
253 2077 365 2146 potuerit,
374 2087 401 2128 ut
412 2075 453 2147 qui
468 2076 509 2126 vix
523 2070 647 2143 habebant,
662 2094 711 2149 quo
725 2072 758 2149 fl?

134 2170 198 2210 rnern
210 2152 346 2220 solarentur,
357 2151 380 2207 br
391 2153 448 2224 sape
458 2149 572 2207 frumenti
581 2150 676 2227 oleique
686 2151 757 2226 penu-

114 2274 115 2278 ,
133 2238 166 2287 ria
176 2230 318 2303 laborabant,
330 2243 356 2286 ut
366 2244 431 2305 patet
442 2251 472 2285 ex
483 2235 529 2285 vita
543 2227 614 2285 bandi
624 2229 757 2287 Theodosii

133 2311 288 2387 aliorumque,
298 2315 315 2366 ii
325 2309 416 2378 abunde
425 2308 549 2379 haberent
567 2327 616 2384 quo
630 2313 757 2368 maximam

132 2405 184 2468 pret
174 2391 289 2446 itosorum
304 2392 495 2466 diversorumque
513 2402 644 2447 aromatum
663 2390 757 2462 copiam

133 2484 290 2524 mercarentur
300 2470 323 2524 br
333 2491 362 2525 ex
372 2471 511 2543 longiffrmis
526 2469 682 2541 regionibus'
675 2485 757 2539 ingen-

133 2546 197 2605 tibus
207 2549 309 2622 plaustris
319 2551 485 2608 conveherent
520 2547 756 2626 Siquidechrodo

665 2673 667 2678 .
719 2638 758 2683 tus
