1641 3011
158 108 373 185 aaLtQattnaVat
392 110 612 192 ultramarinum.
659 119 692 184 87

68 250 91 288 ra
98 229 691 308 decoelotallorumputredinisexpertiaperdurare:

67 310 692 389 multieuimeanequecremant,nequcdefodiuntscd
717 344 719 346 v

68 391 197 463 sepimento
209 390 366 468 circutndut'ta
378 393 520 466 relinquunt,
536 394 692 449 utvidcautur
709 463 711 465 ‚

67 474 182 542 perpetuo
193 473 323 541 putredinis
334 470 423 541 uacua.)
447 478 510 528 Hinc
520 487 544 528 rt
553 475 692 544 indecorum

67 547 690 626 Euripidiibidemobjicit,quiClimenemPhaetontis

67 631 202 700 matremita
212 628 342 701 plorantem
356 632 457 689 inducit:

121 718 175 759 Carus
189 720 217 760 ille
231 732 277 759 nnuc
290 718 334 761 aaz'la'

49 833 51 838 X
118 783 211 841 Aliquam
220 786 424 847 cnrrvullecoarpatrescit
436 798 519 829 arcaturis.
584 811 587 821 t

13 877 14 880 ¹
65 857 170 913 Phaeton
188 862 251 912 enim
269 859 368 915 fulmine
386 861 446 917 idlus
468 862 578 916 iuteriiffe
599 861 690 913 dicitur.

66 939 130 989 Hinc
139 955 195 1006 ergo
205 936 284 992 saltem
296 943 325 1008 ei,
332 944 370 993 cui
380 960 451 994 omne
461 939 587 1014 quodlibet
597 936 692 1006 liceuli*

66 1012 130 1068 cebit
140 1014 224 1082 dicere,
234 1035 340 1089 corpora,
352 1038 401 1092 quae
415 1023 439 1074 in
451 1024 535 1091 cryptis
547 1034 690 1084 veneramur,

68 1093 112 1148 elle
128 1092 254 1148 huminum
269 1094 368 1150 fulmine
387 1098 562 1169 perculsorum,
588 1096 691 1168 ideoque

39 1210 40 1213 =
66 1191 115 1227 nun
127 1173 252 1243 putrefieri.
262 1179 318 1230 Hoc
325 1194 372 1230 raon
381 1188 429 1230 tant
439 1190 610 1246 argumentum,
620 1170 691 1246 quam

26 1261 27 1270 ¹
67 1249 291 1320 terriculamentum,
301 1272 350 1306 non
359 1252 456 1321 fulmen,
467 1254 506 1307 sed
520 1253 598 1322 fulgur
613 1249 691 1321 expel-

66 1332 91 1382 vi
105 1327 145 1396 ell‚'
159 1327 182 1382 dt
197 1327 269 1383 telum
284 1334 437 1403 pigmaeorum
451 1332 574 1402 indignum
593 1333 630 1399 cui
645 1327 691 1398 cly-

66 1428 124 1482 peus
134 1421 274 1478 opponatur.
310 1413 372 1487 Qua
384 1425 463 1464 tamen
473 1410 518 1465 hac
532 1414 556 1464 in
571 1412 634 1481 parte
650 1408 691 1461 de·
721 1477 723 1483 k

65 1486 156 1562 bitures
162 1487 206 1541 elle
216 1486 333 1557 volutum,
343 1488 515 1561 sapientibus&
525 1486 700 1559 iufipientibus„

67 1564 83 1621 st
93 1570 132 1620 cui
142 1584 190 1620 non
200 1565 275 1636 placet
288 1567 382 1623 historia
392 1574 414 1622 B.
422 1569 531 1637 Nestorii,
537 1567 691 1640 aliorumque,

67 1648 108 1718 qui
135 1644 232 1698 candem
247 1646 322 1700 sortiti
340 1649 392 1701 sunt
406 1651 572 1717 integritatem,
582 1647 691 1699 tellantur

65 1724 121 1779 suos
136 1726 239 1791 Maiores
256 1729 292 1780 SS,
307 1724 401 1781 diaerfis
424 1726 570 1799 temporibus
599 1721 691 1777 diuerso

66 1804 163 1877 quidem
173 1802 260 1860 multos
271 1808 353 1861 mortis
364 1824 448 1878 genere
459 1804 577 1876 excepisse,
587 1801 635 1856 artu
646 1797 691 1855 tut-

66 1885 136 1936 tninis
147 1883 236 1952 periille
247 1883 344 1953 nullum,
355 1884 369 1938 fi
380 1883 484 1957 inquam,
499 1883 546 1937 haec
559 1883 692 1957 testimonia

67 1960 138 2014 fidem
148 1977 196 2013 non
205 1973 332 2029 merentur,
344 1962 399 2016 dico
411 1962 485 2032 ipsum
497 1960 614 2017 Plutarchi
631 1960 691 2013 telli-

67 2042 183 2103 monium,
193 2051 232 2090 aut
241 2035 323 2092 falsum
333 2038 384 2105 effe,
397 2054 437 2093 aut
447 2040 506 2094 nihil
513 2054 593 2096 contra
606 2056 648 2092 nos
659 2035 691 2088 fa-

68 2136 129 2186 cere,
140 2116 164 2170 at
172 2114 252 2170 falsum
263 2116 360 2189 quidem
376 2118 420 2172 esse
434 2118 507 2172 multa
523 2119 629 2183 fraudent,
644 2118 691 2185 pri-

67 2215 110 2251 mo
121 2195 185 2269 quod
195 2194 273 2262 multa,
284 2214 332 2268 qua
342 2197 414 2268 uulgo
425 2198 454 2252 de
464 2196 560 2251 fulmine
571 2193 691 2263 jaciantur,
724 2245 729 2255 .,

70 2288 109 2341 ut,
118 2276 183 2350 quod
198 2294 246 2330 non
260 2272 326 2330 feriat
340 2275 442 2343 laurum,
466 2295 513 2330 uun
528 2271 691 2346 Hiaeynthum

70 2372 195 2425 gemmam,
206 2374 254 2409 non
265 2356 385 2425 coralluuu
396 2375 444 2410 non
453 2355 554 2412 uitulum
566 2358 692 2419 marinum,
766 2365 768 2369 ·

70 2437 119 2488 non
126 2432 283 2509 aquilana‚risu
294 2452 306 2488 a
316 2432 454 2508 sapientibus
464 2437 620 2507 excipiuntur,
630 2432 653 2486 <a
662 2444 694 2485 ta·

70 2531 126 2566 men
141 2516 173 2568 ita
187 2510 299 2567 celebrata
318 2515 340 2568 dr
355 2516 461 2569 decorata
477 2513 542 2583 stant,
566 2526 592 2567 ut
603 2510 694 2565 multia
732 2510 734 2514 ’

70 2589 221 2668 fulmincfibi
231 2603 361 2650 metuentes
372 2594 399 2649 ad
413 2591 522 2668 pleraque
531 2593 696 2724 illorumfcon-

381 2678 432 2745 Μ
643 2687 697 2740 uge-
