1641 3011
133 143 162 196 16
215 129 681 199 tutoru'aaorotomtca

130 285 187 321 mur
202 263 281 320 'solam
302 265 346 320 elle
365 259 459 332 chrm?
467 260 589 319 Ecclesiam
608 267 752 337 orientalem,

134 363 205 419 quarn
214 342 365 416 loquerentur
374 343 482 415 Apostoli
491 343 519 397 de
529 345 639 414 prim-*aeva¹
647 341 685 403 illa
695 350 752 401 Hie-¹

134 421 290 476 rosolimitana
304 425 493 493 congregatione,
506 440 561 476 curn
576 424 682 480 nondum
696 428 754 480 Hie-¹

133 498 250 554 rosolimis
280 500 366 571 pedem
391 501 531 555 extulerant:
553 500 658 556 dicerent
679 507 754 559 enim:

133 577 205 633 solam
214 576 276 632 hane
284 598 354 653 quarn
367 579 532 635 Hierololimis
547 577 670 636 colledanr
683 583 754 650 videt,

134 659 166 710 est
181 675 234 712 vera
250 658 373 712 Catholica
387 658 490 713 Ecclefia.
527 662 600 713 Erite
617 661 694 715 dicere
706 678 755 714 non

134 737 174 807 eil,
186 734 270 792 oboni
282 738 399 808 Germani,
412 738 489 813 dicere
499 756 566 793 more
576 739 755 795 Donatistarum.

133 821 172 871 An
181 819 245 870 eninr
259 816 348 871 dixillet
362 821 442 872 Petrus
459 817 488 871 de
498 820 607 888 primitiis
617 816 718 872 Ecclefiae
732 820 757 871 in

135 895 173 949 die
185 896 324 950 Pentecollis
334 897 495 968 predicatione
509 896 547 951 sua
567 893 650 964 Christo
665 899 758 967 genitu,

135 973 200 1046 quod
219 992 249 1028 eo
265 975 316 1044 ipso
334 975 371 1028 die
388 994 437 1030 non
452 975 506 1029 ell'et
524 973 573 1043 alia,
587 979 694 1049 quamvis
708 991 758 1048 quae

134 1065 231 1104 tuncex
246 1051 376 1120 Apostolis,
393 1053 496 1106 &novo
515 1053 553 1105 sed
572 1071 645 1123 parvo
666 1051 758 1125 populo
791 1102 792 1105 ,

134 1126 577 1196 constabat‚CatholicaEcclefia?Num
586 1132 657 1198 igitur
666 1130 723 1202 quid
732 1133 759 1182 in

64 1233 65 1236 ¹
135 1225 241 1263 errorem
251 1209 315 1274 cujus
326 1209 389 1261 enim
398 1207 477 1278 postca
488 1206 589 1261 damnati
605 1206 759 1261 suntineidis·

135 1283 198 1340 ient?
215 1288 316 1339 Minime
325 1285 349 1339 id
359 1303 423 1354 vero,
434 1285 475 1339 sed·
483 1283 581 1353 emordet,
594 1283 611 1338 fi
621 1284 718 1353 dixisset,
727 1287 758 1339 ita

136 1364 209 1419 solam
219 1362 282 1417 illam
294 1366 499 1434 congregationem
510 1362 553 1416 elle
563 1363 708 1419 Catholicam
716 1368 759 1417 Ee-

137 1442 238 1510 elefimn,
256 1453 283 1495 ut
301 1455 390 1513 praeter
405 1441 465 1496 hanc
478 1459 577 1495 nurnero
590 1440 632 1496 alia
647 1460 691 1496 nec
705 1442 759 1496 effer

137 1534 205 1588 tunc,
220 1538 263 1574 nec
275 1538 378 1594 unquam
388 1519 432 1574 effe
447 1514 533 1590 pollet,
543 1520 665 1593 quomodo
680 1521 759 1591 polica

136 1599 260 1655 Donatista
271 1598 299 1652 de
312 1599 350 1652 lira
365 1596 431 1652 Sella
448 1596 510 1652 forte
524 1596 638 1652 dicebant.
679 1601 761 1652 Caete-

136 1698 189 1733 rum
199 1678 323 1732 Donatista
338 1677 362 1731 id
377 1680 457 1749 potius
472 1674 591 1743 dicebant,
615 1677 679 1752 quod
692 1678 760 1732 uestri

135 1757 250 1830 plerique,
259 1756 350 1811 ethaud
359 1757 408 1811 scio
418 1775 446 1811 an
454 1754 760 1811 omnesLutheraniTheo-

136 1835 184 1906 logi
197 1837 290 1898 dicunt;
307 1837 466 1890 docentenim
475 1833 597 1888 Ecclefiam
608 1836 708 1907 septimo
717 1838 761 1887 cir·
814 1886 816 1888 ,

137 1918 195 1968 citer
205 1913 287 1967 saeculo
297 1913 393 1986 periille,
404 1931 501 1987 eamque
511 1931 524 1967 a
535 1916 639 1967 Martino
653 1911 761 1966 Luthero

136 1990 196 2067 quali
207 1990 235 2047 ab
245 1991 324 2047 inferis
335 2005 481 2061 reuocatam,
495 1992 642 2066 (quanquam
655 1990 761 2063 plerique

136 2072 279 2127 moderatius
289 2069 646 2146 loquurrtur‚nonpcriiffeillam
655 2068 760 2141 quidem,
780 2120 781 2123 ,

137 2151 175 2204 sed
187 2169 200 2205 a
210 2148 337 2222 conspedlu
348 2149 473 2205 hominum
484 2152 562 2215 nescio
573 2147 685 2223 quorsum
698 2143 740 2201 auf
753 2181 762 2191 -

138 2229 198 2298 gille,
210 2242 233 2283 et
248 2248 289 2303 per
304 2223 344 2284 tot
355 2228 433 2284 saecula
443 2229 553 2305 usquead
566 2226 698 2282 Lutherum
712 2224 763 2279 lati·⁷

81 2367 84 2377 „
139 2307 353 2376 temptantem
368 2306 433 2364 suille
443 2308 615 2364 Donatistarum
626 2306 763 2360 sententiam

138 2383 210 2439 dolie
228 2387 277 2441 sane
294 2402 320 2441 ut
335 2387 440 2463 plerique
460 2407 490 2442 ex
510 2385 640 2456 Augustino
667 2382 763 2437 deducit

14 2524 15 2527 Ἴ
138 2467 232 2517 Marcus
242 2470 356 2522 Antonius
372 2467 401 2521 de
414 2469 525 2536 Dominis
539 2462 592 2520 Lib.
602 2481 623 2530 2,
633 2461 662 2514 de
673 2460 762 2533 republ.

140 2540 243 2599 Ecclesia
259 2561 307 2615 cap.
316 2564 336 2602 2.
351 2563 452 2601 numero
461 2561 496 2613 52.
520 2546 561 2598 Vir
573 2541 625 2614 post
638 2539 764 2596 hominum

576 2647 578 2650 ’
674 2637 764 2677 memo-
