1641 3011
111 153 146 212 44
204 126 667 194 aanornnaouoaouror

111 265 241 335 ignorantia
259 259 419 319 laborantibus
437 262 516 318 aliisve
538 264 625 318 mutire
642 260 739 340 quidem
764 309 765 313 ,

113 341 268 408 audientibus,
274 339 384 396 omnrbus
396 346 476 397 omnia
485 341 528 397 alia
539 360 609 416 quam
618 361 673 417 quat
678 361 738 414 opus
778 365 781 368 ¹

113 423 146 475 est
155 418 285 492 agentibus
299 420 500 477 antermDrabolr
509 420 627 491 ministris
637 419 738 477 Parafitis

114 500 242 572 itidemque
257 498 369 572 Sophitiis
385 498 464 554 nihil
462 519 510 556 non
524 500 552 555 ad
567 498 661 555 libitum
675 505 739 572 Papa
804 562 806 573 J

113 576 278 640 molientibus3
310 594 406 652 quoque
427 579 506 634 veluti,
519 577 583 633 clave
598 580 739 652 confirment
817 603 818 606 ¹

114 674 218 711 errorem
228 655 312 729 populi
321 656 416 716 &viam
429 676 526 712 omnem
535 658 563 711 ad
572 660 696 725 veritatem
704 659 739 710 vi-

114 735 184 789 uendr
193 733 332 808 praecludan
322 735 421 790 clama
421 734 512 792 antrbus
522 735 612 806 tabule
621 719 740 791 summum

114 818 174 870 Pont
176 816 268 869 ificem'
263 834 287 869 ιιι
294 815 362 871 rebus
367 816 421 871 fider
430 834 576 892 nequaquam
584 834 659 871 errare
668 815 738 887 polle.

115 895 177 984 Qis
187 912 244 965 ergo
253 895 350 949 istorum
360 894 517 970 valetudinem
530 914 579 952 non
588 891 706 967 desperet>
717 905 740 948 a

115 975 228 1033 miramur
253 972 405 1027 vehementer
423 976 568 1044 Augustanae
584 972 740 1028 Confeffionis

115 1049 266 1119 Theologos,
280 1054 322 1124 qui
336 1051 383 1103 sese
397 1050 480 1122 rupiffe
495 1050 586 1104 vincula
597 1049 741 1121 Babylonica

115 1129 256 1198 Tyrannidis
278 1127 418 1198 gloriantur,
436 1146 485 1184 non
500 1126 607 1199 delegille
626 1125 740 1182 harlenus

115 1218 209 1279 tempus
219 1206 331 1261 idoneum
333 1224 404 1298 ‚quo
416 1204 491 1262 solide
503 1209 624 1281 Scriptura
635 1204 685 1262 loca
701 1209 741 1260 Pa·

116 1299 228 1357 trumque
248 1287 450 1356 interpretationes
468 1297 537 1358 atque
555 1287 631 1340 totius
643 1287 743 1357 antiquae

115 1361 742 1437 Ecclefiaesensumperpenderent‚&quidsentiendum
787 1370 789 1373 ’

116 1437 143 1497 fir
158 1442 188 1495 de
210 1440 358 1512 proceffione
379 1443 477 1513 Spiritus
498 1439 575 1495 Santii
597 1440 647 1495 data
670 1458 741 1512 opera

117 1516 312 1593 omniquestudio
321 1520 344 1573 br
354 1537 402 1574 non
414 1517 574 1590 perfunllorie
587 1517 741 1573 consulerent.

115 1597 236 1653 Habemus
250 1616 321 1670 penes
339 1616 388 1654 non
403 1595 490 1654 librum
506 1595 742 1669 Vittembergenfium
767 1628 771 1633 ,

114 1676 347 1748 Theologorum,
339 1694 364 1731 an
377 1695 426 1753 quo
439 1674 488 1732 aua
502 1676 526 1731 br
540 1678 623 1750 scripta
633 1678 671 1732 sua
685 1693 742 1731 cum

115 1752 201 1812 beatiss.
217 1761 279 1829 Mag.
294 1759 391 1812 Ieremia
400 1755 528 1812 Patrrareha
538 1754 740 1827 Constantinopol

116 1835 151 1891 ult
142 1849 179 1892 tro
190 1838 222 1890 cit
222 1855 297 1911 toque
306 1837 374 1893 millo
386 1849 546 1908 exponuntur:
563 1834 606 1890 ubi
617 1849 641 1891 et
649 1834 679 1890 de
688 1853 743 1907 pro-

118 1915 218 1976 ceffione
234 1917 332 1987 Spiritus
347 1911 424 1970 Sanili
444 1915 582 1988 disputatur:
608 1914 648 1970 sed
662 1915 742 1969 omnia

117 1991 743 2085 eorumargumentaperhasnollrasresponfioneshic

117 2091 178 2128 ame
191 2070 300 2140 breuiter,
316 2090 359 2125 nec
373 2091 416 2162 pro
431 2076 466 2126 rei
481 2071 639 2144 magnitudine
653 2067 742 2144 expoli-

118 2164 152 2205 tas
163 2143 230 2206 facile
242 2149 333 2207 diliolvi
343 2153 442 2225 quisque
455 2147 572 2220 fatebitur,
585 2148 602 2205 fi
616 2149 691 2205 modo
702 2168 743 2204 ve·

118 2232 179 2284 ritati
189 2233 261 2301 magis
275 2248 345 2305 quam
363 2228 457 2284 imbuta
471 2229 609 2303 persuasioni
622 2229 742 2296 studuerit,

117 2308 142 2362 br
152 2322 264 2383 quantum
274 2309 370 2385 quidem
380 2308 408 2364 ad
418 2329 467 2379 vos,
477 2309 618 2385 quibuscum
635 2309 695 2363 mihi
704 2324 742 2363 res

118 2386 241 2457 modoet,
251 2388 301 2444 satis
311 2391 355 2458 jam
365 2387 434 2460 egille
442 2390 536 2459 videor,
547 2387 588 2444 ubi
598 2387 657 2445 clare
667 2388 742 2444 osten·

118 2467 151 2535 dt,
163 2464 196 2520 nil
210 2483 240 2520 ea
255 2472 274 2520 S.
285 2474 305 2522 S.
316 2468 388 2541 literis
403 2486 446 2539 pro
457 2469 529 2523 vellra
544 2480 625 2523 contra
635 2486 680 2529 nos
693 2469 744 2520 sen·

118 2547 192 2601 tentia
202 2544 283 2602 offerri
291 2547 353 2618 polle
359 2569 364 2603 :
371 2546 419 2604 fere
425 2550 489 2605 enim
498 2546 695 2619 loliusscriptura
705 2548 744 2631 auf·

685 2634 743 2677 toran
