1641 3011
124 159 165 200 raa
180 139 323 194 THEOPH.
341 136 574 193 PROKOPOWICZ
592 141 682 196 APOL.
701 139 745 196 &c

174 273 282 324 Pratcrca
294 264 309 321 sr
319 266 429 320 diuturno
434 265 545 338 'ternpore
559 266 654 322 cadaver
664 266 745 322 huius-

123 348 189 404 modi
200 349 303 416 jacuarit,
314 348 385 416 magis
399 340 444 418 asc
459 342 545 405 arcebit
561 360 693 416 argumenta
710 350 745 400 vi-

49 462 51 464 *
122 446 159 483 res
170 439 260 480 natura
267 427 393 492 astruentia,
404 443 453 497 qua
462 425 565 497 superins
576 443 588 478 a
602 425 672 481 nobis
688 446 744 482 con-

122 506 195 562 futata
206 507 268 561 sunt:
288 502 385 558 Nullum
395 506 458 557 enirn
474 507 498 558 in
512 507 540 559 iis
554 500 635 559 locum
649 505 745 562 habebit
793 552 794 555 ,

123 585 260 652 exsiccatio,
274 582 312 636 vel
326 581 368 637 asia
382 599 525 658 quacunque
540 586 676 654 maceratio,
690 603 746 641 cunr

123 669 154 721 ita
167 663 284 718 turnidunr
294 663 475 738 atqueinssatum
484 662 517 717 fit.
553 664 745 739 Noncstquoque

122 744 150 799 ad
165 759 246 796 manus
261 740 429 795 crudelissimus
441 744 545 809 ejusdem
556 743 639 796 Assatii
653 742 745 796 libellus

122 820 286 887 admittendus,
296 823 377 895 inquo
388 817 498 876 considas
516 824 664 895 antiquitates
679 826 745 876 Etru-

123 905 170 976 scas
178 899 290 957 confutat.
301 904 363 954 Curn
374 903 437 953 eninr
446 897 514 955 sistor
524 899 562 954 isse
572 920 696 963 occurrens
707 920 746 955 na-

121 978 363 1038 sutorunrhonrinunr
374 982 476 1033 examini
486 978 607 1051 scripserit,
612 981 634 1034 se
641 981 678 1036 sua
691 983 746 1049 uati-

122 1064 191 1131 cinia,
210 1058 249 1130 (se
260 1060 323 1112 eninr
333 1056 412 1111 nrustis
426 1063 479 1111 a'rrte
494 1071 587 1128 parturn
596 1062 699 1129 Virginis
709 1057 747 1115 sir-

121 1140 181 1194 cusis
190 1136 312 1201 amissa&
326 1135 354 1189 de
370 1134 454 1190 suturis
471 1136 522 1208 posi
537 1149 630 1209 parturn
644 1140 747 1207 Virginis
773 1139 775 1141 ’

121 1218 200 1285 rcbu's,
210 1218 239 1271 do
249 1217 406 1282 Medicorum,
417 1218 458 1289 qui
470 1233 533 1269 nunc
542 1215 662 1270 Florentia
672 1220 746 1288 irnpe-

122 1311 180 1367 rant,
190 1305 260 1366 gente
266 1297 390 1347 vaticinare
402 1296 527 1365 mentitur)
539 1312 568 1347 eo
583 1294 667 1348 curasse
678 1296 747 1353 arrisi,-

121 1380 168 1444 ci0‚
179 1374 218 1428 tasi
228 1373 312 1427 chartac
326 1369 464 1443 inscripsisse,
476 1371 595 1442 bytumine
607 1372 747 1446 quodam&

121 1450 316 1528 plnrrrbmssraliis
325 1455 506 1526 perpetuitatem
516 1449 682 1522 pollicentibus
691 1470 747 1506 con·
773 1512 776 1519 ,

122 1534 213 1587 ditoriis
222 1527 339 1595 inclufisse,
346 1544 372 1582 ut
381 1536 510 1601 numquam
520 1534 640 1601 corrumpi
649 1529 745 1601 possent„

121 1616 177 1668 Hac
186 1613 290 1683 inquam,
305 1626 359 1661 cunr
375 1607 488 1678 scripserit
505 1604 573 1662 sidor
588 1606 627 1661 ille
640 1608 747 1676 Aslatiun

121 1709 172 1765 quo
187 1687 324 1755 hujusmodi
334 1688 485 1756 imposturam
493 1687 633 1756 retunderet,
649 1686 709 1741 bene
724 1689 748 1742 dr

121 1768 212 1825 erudite
222 1768 246 1819 in
257 1777 394 1818 memoratu⁴
403 1761 484 1817 libello
499 1765 611 1833 ostendit,
624 1783 672 1820 non
686 1766 747 1820 rnul-

120 1860 172 1902 turn
184 1844 222 1900 issa
232 1846 311 1898 onmia
320 1843 349 1897 ad
359 1842 560 1898 conservationem
570 1843 658 1899 ualere:
674 1864 747 1920 quern

120 1919 747 1996 ejuslibclsrrnr‚fiadmanushabcremm,faciliusAlsa-

121 2010 181 2071 tium
191 2024 221 2058 ex
231 2002 318 2057 nisano
328 2000 508 2071 conformemur,
522 2004 658 2078 firmiusque
675 2007 746 2057 ctiam

70 2136 75 2141 .
119 2086 223 2140 divinam
233 2081 325 2137 Parrum
335 2079 501 2150 Kijovicnfiunn
514 2083 670 2154 integritatem
681 2101 747 2152 corn-

120 2163 286 2238 probarenrm,
300 2163 394 2214 interim
407 2161 459 2228 hie,
474 2160 497 2213 id
516 2180 612 2235 quoque
626 2161 746 2216 sciendum

121 2243 160 2313 est,
171 2240 234 2297 sorte
248 2257 296 2297 nun
309 2241 388 2294 omnia
402 2239 500 2298 omnino
517 2239 680 2294 damnatorum
695 2259 747 2295 cor-

121 2326 178 2394 pora
194 2339 242 2375 nun
251 2317 359 2385 dissolri,
372 2318 411 2372 sed
426 2318 529 2391 quadani
544 2319 666 2373 duntaxat:
680 2313 746 2373 ficati

120 2419 196 2473 neque
207 2400 317 2453 omnium
332 2395 464 2452 sarrsdor'unr
478 2400 609 2468 integritate
630 2400 745 2466 donantur

138 2497 246 2550 corpora:
261 2477 325 2550 quod
334 2478 423 2535 nonde
434 2476 544 2531 omnibus
554 2481 584 2533 ita
590 2483 643 2534 Deo
653 2480 729 2532 visum

192 2555 230 2610 esi.
241 2559 296 2609 Hac
305 2557 358 2611 satis
369 2556 398 2611 de
404 2553 523 2630 proposrto
530 2570 734 2688 argumento.ORA
