1641 3011
28 116 658 210 33333333333333333.3303333333.33

29 277 56 346 in
67 269 192 331 Ecclesiam
202 274 349 334 3333333333
372 273 484 350 Quippe,
500 273 541 346 qui
552 291 601 327 noo
611 291 658 328 ma·

30 356 106 423 iorem
118 354 148 405 de
161 351 231 413 333333
242 350 350 406 Rolnam
357 349 457 406 Ecclesia
468 355 617 405 mentionem
624 349 659 405 fe·

10 437 12 442 ⁴
31 436 113 501 333333,
128 448 199 503 qoem
214 428 230 485 fi
246 429 309 485 nulle
327 427 381 483 ellet
395 430 462 522 supro
478 444 582 494 terram3
618 429 660 484 sed

31 523 124 566 33333333
139 510 169 563 de
184 512 261 565 Giaeeo
277 509 391 574 Τ33333333
405 514 474 565 armis
485 528 549 582 pene
559 507 662 565 33333333

32 591 59 645 in
68 591 173 662 ipsorum
182 590 315 644 dominiis
309 623 316 651 ‚
339 586 437 643 33333333
427 591 552 645 3333333333
562 586 662 643 Ecclefi·

33 688 71 724 am
86 686 205 740 nunquam
220 663 310 721 (1333333
323 657 499 737 aggredientem
517 668 556 723 sed
568 680 663 723 33333333

33 745 167 806 Romanii&
179 762 302 818 parumper
314 757 417 799 veterem
428 751 540 816 63333333,
550 747 664 836 proinde

34 845 81 900 qne
90 825 188 880 vestiam
200 823 326 878 indirelle
321 842 343 876 m
355 822 451 894 3333333333
461 824 571 895 intelligo
580 830 605 878 in
611 842 665 899 qiu·

34 900 78 959 bus
89 902 239 958 concordatis
251 920 306 956 3333
318 905 431 956 Romana.
664 950 666 952 ,

107 979 234 1037 Potnillem
257 977 413 1036 celeberrime
434 979 619 1053 Archiepilcope
637 981 664 1035 33

35 1059 74 1116 his
89 1062 191 1115 3333333333
201 1077 244 1132 pio
246 1056 318 1114 fustor
329 1059 389 1119 elle;
407 1060 446 1114 fed
461 1062 486 1115 id
496 1060 604 1114 brevitati
619 1063 664 1115 Re

36 1136 112 1212 spons
114 1158 144 1194 oi
147 1142 166 1192 is
181 1141 209 1192 33
225 1139 323 1192 vestram
338 1143 381 1211 Epi
374 1136 465 1193 illelom
481 1157 530 1193 non
544 1142 664 1195 convenit.

37 1224 138 1293 Superqi
130 1236 183 1273 333333
195 1218 261 1292 quod
272 1235 295 1271 m
297 1236 367 1271 ecum
377 1215 455 1271 nullos
461 1215 610 1297 Theologiae
619 1221 665 1272 Hi·

37 1297 124 1363 330333
138 1286 227 1350 aliosve
243 1296 271 1348 ed
281 1295 432 1364 Religionem
446 1294 577 1366 spellantes
593 1283 668 1350 libros

38 1365 166 1431 attulerim.
220 1376 305 1446 Neque
319 1375 434 1425 3333333033
433 1388 485 1426 3333
500 1372 596 1444 allegavi
607 1390 669 1448 quos

37 1451 165 1525 potuissem
175 1449 561 1527 833333333313333033333333333,
567 1456 669 1521 Petrum,

38 1537 86 1587 Eo
81 1528 325 1597 13333333333333333,
336 1543 524 1603 ceterorumque
535 1530 669 1601 Religionis

38 1610 177 1676 Librorum,
188 1625 228 1679 qni
224 1605 323 1660 melios
333 1606 398 1660 alleri
389 1621 411 1659 33
421 1606 521 1676 probare
534 1610 632 1679 polleni,
642 1609 670 1661 33

18 1700 20 1702 ’
39 1703 78 1743 333
89 1704 140 1741 mea
151 1685 257 1741 Londini
268 1681 355 1738 Bibliot
357 1683 442 1737 33333”
426 1702 454 1739 333
446 1685 521 1739 3Γ3333
531 1684 670 1742 3333333333

40 1768 82 1832 rit:
105 1784 135 1819 ne
146 1767 199 1838 quis
208 1762 351 1817 existimaret
361 1783 400 1817 me
409 1764 538 1819 33333333
532 1766 671 1824 inhonore

41 1844 157 1916 ligionem
149 1843 237 1896 33333333
248 1860 345 1896 meeum
355 1841 461 1912 attulille
471 1844 499 1897 333
509 1845 673 1903 seducendum

42 1923 188 1978 Christianos
200 1918 365 1983 orthodoxos,
384 1919 421 1975 vel
432 1935 457 1975 ot
468 1924 497 1976 iis
510 1922 673 1997 aliqnandoad

43 2002 109 2058 lione
121 2000 231 2055 finemt
205 2013 231 2053 ut
233 2017 241 2052 1
235 1999 348 2070 NJpoffem
402 2002 523 2055 Eosdem'
517 2021 615 2076 inquam
625 2020 673 2057 me-

44 2087 101 2146 eum
112 2097 160 2134 non
171 2075 245 2147 3333313
258 2096 287 2130 33
297 2097 348 2133 33333
355 2079 395 2133 33
398 2099 410 2132 3
421 2079 525 2153 suspella
538 2081 610 2136 fuerit
601 2095 673 2134 teon

44 2157 126 2227 versio,
139 2154 176 2213 vel
188 2157 214 2212 id
224 2174 317 2229 pravam
329 2159 360 2212 de
371 2177 409 2214 me
424 2162 563 2231 opinionem
574 2155 674 2213 infideli

44 2239 184 2294 unianimis
199 2241 358 2307 3333333333,
365 2237 401 2293 vel
412 2241 506 2294 tandem
519 2238 568 2309 poll
578 2236 675 2298 obitum

44 2315 134 2387 filorte
145 2335 174 2371 ex
183 2314 227 2370 hac
238 2319 284 2368 3333
295 2316 346 2387 poll
352 2336 434 2372 meum
443 2321 468 2371 in
478 2316 539 2371 hanc
545 2315 675 2370 nrbemed=

48 2411 146 2452 ventum
153 2394 188 2449 di
188 2393 315 2448 'cellillem
308 2411 334 2448 333
344 2413 427 2450 manus
436 2392 623 2449 nonnullorum
617 2398 677 2449 33333

49 2476 143 2545 3333333
122 2476 207 2549 iqui
225 2474 255 2528 iis
268 2470 334 2527 abuti
344 2472 505 2547 potnillent.
521 2476 677 2551 Preterquam

49 2541 187 2633 quodi
125 2554 187 2612 conl
189 2555 348 2611 deleverim
333 2572 373 2612 me
382 2553 500 2611 sufficient
491 2566 541 2612 em
547 2572 677 2612 numerum

374 2636 398 2691 O
416 2647 431 2697 2
608 2633 676 2690 'The
