1641 3011
102 147 128 203 14
180 133 346 190 THEOPH.
373 133 652 192 PROKOPOWICZ

105 262 215 326 Graecos,-
224 260 438 336 variassprovincias
446 261 567 328 Armenia,
581 262 725 336 Aethyopin,

105 341 181 409 Syrie,
191 338 373 409 Mesopotamiae,
387 341 499 411 Aegypti,
515 338 538 391 dr
553 337 621 411 ipsrus
631 342 726 397 Perfidia

104 429 179 488 partes
190 433 239 469 non
255 417 437 472 contemnendas
449 421 474 471 in
488 417 573 471 eodem
586 420 643 474 ovili
658 422 727 475 Chri-

104 496 130 549 lli
142 492 265 549 nobiscum
275 494 480 567 comprehendi&
490 494 544 550 licet
554 498 578 550 in
588 501 656 553 variis
665 499 726 555 locis

104 572 251 629 Mechometi
264 574 394 645 Tyrannidi
409 573 479 630 occisi
493 578 553 630 vires
571 588 595 629 et
610 595 680 649 open,
702 578 726 633 dr
760 612 761 615 =

32 687 34 690 -
103 670 214 706 numerus
229 650 333 707 fidelium
343 655 480 708 imminutus
490 652 621 727 apparebit,
637 654 727 730 ubique

105 744 190 801 tamen,
201 730 310 788 videbitis
320 732 370 789 non
379 732 453 789 deelle
464 733 544 788 nollra
554 732 673 805 religionis
683 736 728 790 ho-

105 814 193 880 minm,
202 829 251 866 non
261 812 415 884 templanon
426 813 554 868 sacerdotes
568 831 617 867 nou
632 816 728 886 Episco-

106 909 157 962 ρος,
166 909 221 945 cum
230 910 260 945 ex
270 891 313 946 alia
326 905 390 964 parte
399 892 549 963 Augustinam
560 893 658 948 vestram
674 912 729 965 pro·

105 968 229 1024 felsroncm
244 988 293 1024 non
309 972 368 1025 adeo
384 989 465 1042 magna
481 974 550 1026 unius
565 973 728 1042 septentrionis

105 1060 170 1117 parte
179 1049 272 1118 spaciari
281 1049 418 1117 advertetis,
436 1048 503 1103 dede
517 1050 669 1121 amplitudine
685 1070 728 1104 no·

105 1127 152 1179 sira
167 1122 269 1179 Ecclefie
286 1126 428 1180 contendere
446 1124 568 1180 nobiscum
584 1130 729 1180 inanimum

106 1204 175 1259 uobis
190 1201 271 1258 subiit!
294 1207 345 1259 Nos
358 1217 436 1258 tamen
450 1202 604 1258 nihilominus
618 1204 730 1260 detralla-

42 1354 44 1357 .
107 1301 159 1337 mus
171 1282 308 1358 hujusmodi
319 1296 444 1351 certamen,
456 1300 504 1336 non
521 1282 585 1358 quod
600 1300 643 1337 vos
663 1286 728 1355 supe-

43 1361 44 1365 ’
107 1380 156 1416 rare
166 1380 214 1416 non
225 1360 399 1437 vulcanusque
413 1360 428 1415 si
442 1360 493 1419 loca
507 1364 577 1415 etiarn
590 1361 613 1414 dr
627 1362 730 1434 populos

107 1438 195 1514 spesles
211 1453 278 1495 tanto
293 1439 361 1496 vobis
378 1441 474 1496 ditiores
490 1440 576 1508 sumne,
590 1453 679 1513 quanto
694 1444 728 1495 im

108 1536 164 1592 gens
179 1518 273 1594 aliquod
283 1522 418 1592 imperium,
432 1522 483 1573 imo
495 1519 599 1590 vinculo,
614 1519 653 1572 sed
663 1520 728 1594 quud

107 1598 237 1673 firirrquam
248 1596 301 1669 alias
310 1597 354 1652 hac
368 1612 430 1652 certe
440 1600 465 1651 in
476 1599 541 1652 eausa
557 1615 604 1653 non
620 1616 729 1668 numeru,

107 1678 145 1731 sed
157 1681 242 1731 virtute
253 1677 389 1732 certandum
400 1675 444 1732 else
454 1677 557 1748 sciantuu
594 1682 626 1731 At
639 1673 729 1731 diceris:

107 1755 274 1812 fiCatholicam
280 1749 402 1810 Ecclesiam
412 1773 460 1809 non
470 1759 495 1809 in
506 1775 536 1810 eo
545 1753 609 1808 fitam
620 1754 663 1808 esse
677 1754 729 1809 affe-

109 1837 200 1904 veratis‚
209 1835 274 1909 quod
284 1846 362 1890 totum
373 1832 456 1890 orbem
467 1852 582 1906 occupare
591 1832 681 1903 debeat,
691 1833 730 1888 sed

108 1914 173 1987 quod
187 1917 232 1967 toti
252 1911 306 1968 orbi
321 1926 398 1985 reperta
411 1926 487 1985 pateat
506 1912 640 1985 nullamque
654 1916 730 1967 natio-

108 2011 170 2061 nem,
184 1988 200 2046 fi
212 1995 296 2061 veniat,
313 2005 389 2046 arceat
399 1992 470 2061 aditu,
487 2010 528 2045 cur
540 1990 616 2046 solum
630 1993 730 2045 oriente·

108 2070 166 2142 lem,
181 2068 257 2126 solum
273 2089 336 2125 nunc
346 2076 447 2125 Gnaeum
461 2071 574 2124 infinitam
590 2067 730 2123 catholicam

109 2148 245 2205 autumatis?
263 2146 729 2224 utfo'rtepropterea,Donatisticamne·

108 2229 156 2281 scio
166 2229 224 2301 quid
233 2230 340 2300 superare
349 2228 477 2294 videamur,
490 2226 690 2302 quemadmodum
704 2226 730 2279 in

107 2306 193 2375 scripto
205 2307 346 2367 vestroaitis.
375 2303 545 2383 ‚despondentem
562 2309 617 2359 Hoc
630 2322 673 2359 vos
691 2322 730 2358 au·

58 2454 62 2460 .
108 2380 186 2439 dadler
197 2382 273 2439 dicere
284 2398 308 2440 et
320 2384 450 2439 constanter
465 2385 599 2452 asseverare,
625 2401 674 2437 non
685 2381 730 2437 effe

107 2466 203 2539 inquam
215 2460 282 2517 allam
291 2462 444 2533 Catholicam,
454 2463 521 2519 aliam
531 2465 556 2517 in
566 2481 610 2537 qua
621 2460 678 2517 salus
690 2460 730 2528 ell,
806 2503 807 2506 η

107 2542 176 2600 aliam
187 2539 269 2611 Christi
277 2542 406 2615 Ecclesiam,
417 2561 487 2620 quum
499 2542 600 2602 nostram
609 2540 672 2598 hanc.
683 2540 730 2593 ori-

691 2634 731 2673 en-
