1641 3011
134 144 177 211 178
269 125 417 202 marnam
440 117 633 205 abarorum
705 183 706 186 a

136 264 373 335 congregationem:
406 251 531 331 quianon
551 258 645 330 poffunt
661 255 761 331 congre-³

137 346 187 415 gari
213 343 243 396 ad
266 339 340 395 ulium
361 336 452 406 finem,
483 354 537 405 ‘nee
560 336 694 407 ullatenus,
729 350 760 393 eo

138 421 205 498 quod
226 420 350 486 nesciant,
390 425 473 472 utrum
492 413 582 490 ipsamet
607 416 760 493 praedestinati

136 500 181 558 fint
192 501 221 555 ad
230 499 339 571 gloriam,
357 513 403 550 nee
412 494 473 551 ullus
485 506 514 552 ex
524 495 561 550 his
573 494 637 569 sciat,
647 500 761 573 quispta-

137 581 263 635 dessinatus
277 574 316 643 fit,
325 574 365 629 seu
379 573 468 630 'alerius
478 576 506 630 ad
516 574 623 646 gloriam.
638 576 761 657 Qramob·

136 663 187 712 rem
202 660 264 710 iuter
279 655 302 708 se'
311 652 384 708 ¹solos
399 655 544 727 'congregari
563 673 612 711 non
626 657 718 728 poffunt
732 655 761 711 ad

135 729 464 803 formandamlieclefianrseu
475 746 571 805 coetum.
596 734 762 789 'Sedsuntin-

136 812 235 880 risibilia
246 810 351 867 membra
363 810 468 867 Ecclesia
481 807 595 887 quatenus
609 814 762 885 praedestinati

137 893 161 948 br
178 891 286 964 reprobi,
301 888 422 946 invisibilia
432 891 538 945 membra
548 889 665 962 Ecclesiae,
684 903 763 965 quate·

137 990 182 1026 nus
192 969 294 1040 reprobi,
304 971 358 1041 quia
368 968 475 1021 nesciunt
483 972 508 1021 in
517 967 565 1022 hoc
572 971 671 1039 mundo
681 983 763 1029 utrum

136 1047 233 1122 reprobi
243 1046 316 1102 futuri
328 1044 371 1107 fint
381 1064 425 1100 nec
436 1063 480 1109 ner
498 1043 596 1101 Ecclesia
608 1051 762 1122 quippemix-

136 1142 159 1183 ta
174 1127 206 1182 est
220 1126 290 1181 bonis
306 1123 422 1193 bimulis,
441 1124 605 1195 praedestinatis
616 1125 762 1198 &reprobip

136 1224 197 1283 quos
211 1214 282 1259 nemo
293 1206 371 1272 novit,
388 1220 465 1277 neque
475 1200 567 1276 ipsamet
576 1205 707 1280 quidquam
718 1204 763 1260 sci·

137 1297 182 1340 unt
197 1284 226 1336 rie
242 1283 331 1337 suamet
349 1279 419 1352 ipfius
434 1280 471 1334 vei
490 1281 584 1335 alterius
598 1284 763 1355 praedestinati-

138 1381 193 1430 one,
204 1365 244 1415 aut
255 1358 419 1433 reprobatione
427 1370 594 1415 antemortem.
631 1360 762 1417 Vndeeon-

138 1441 285 1498 eludentium
296 1440 335 1506 eii,
350 1436 421 1492 talem
433 1436 564 1493 Ecclesiam
570 1438 709 1495 invifibilern
725 1440 762 1497 su=
815 1480 816 1483 =

137 1538 179 1593 per
190 1531 276 1570 terram
287 1515 438 1570 effeLutheri
450 1515 473 1568 br
484 1514 576 1568 Caluini
586 1518 762 1587 figmentumad

137 1596 304 1668 decipiendum
315 1611 397 1648 omnes
407 1611 475 1648 veros
486 1592 640 1664 Christianm
651 1597 763 1652 aesevin-

113 1714 114 1717 =
137 1674 251 1732 dicendos
261 1674 290 1727 de
300 1669 401 1726 Ecclesia
418 1676 543 1744 Romana,
566 1685 650 1746 utpote
663 1677 764 1729 minime
792 1716 793 1719 ,

137 1756 244 1810 contenti
262 1752 292 1806 de
306 1770 339 1806 ea.
389 1754 469 1827 Qum
484 1750 582 1824 quidem
600 1751 704 1808 sciebant
717 1754 764 1808 esse

138 1832 322 1900 schismaticam,
337 1827 477 1899 hereticam,
489 1829 656 1903 &corruptam
667 1834 691 1887 in
702 1832 766 1889 rnul-

139 1914 170 1966 tis
179 1910 235 1963 fidei
246 1907 364 1978 maiouim,
385 1926 429 1963 nee
440 1905 524 1963 nonin
535 1912 602 1981 praxi
614 1921 723 1984 tempore
732 1918 764 1968 A·

137 1986 286 2063 postolorutn
294 1985 379 2040 nfitata.
417 1992 570 2065 Quapropter
580 1988 646 2048 iliam
654 1983 714 2049 odio
725 1990 766 2045 ha.

138 2067 222 2125 bentes
234 2076 375 2134 everterunt,
393 2076 507 2138 quantum
517 2070 542 2118 in
552 2064 574 2119 se
583 2064 638 2136 fuit,
649 2080 701 2121 tum
709 2087 765 2141 pro.

138 2163 189 2222 pter
200 2141 330 2218 temporale
340 2141 538 2210 emolumentum,
546 2151 598 2197 tum
608 2149 703 2218 propter
713 2153 764 2206 Ma.
779 2189 781 2191 ,

138 2229 280 2281 trimonium
290 2220 343 2295 ipfis
355 2219 649 2293 prohibitumineundum‚
659 2243 703 2281 nec
713 2245 764 2284 non

139 2304 269 2360 libertatem
279 2315 333 2356 turn
344 2303 369 2354 in
378 2297 556 2374 SpiritualibuS,
573 2312 624 2356 tum
634 2306 658 2358 in
669 2317 764 2380 tempo.

139 2381 238 2451 rabbus,
253 2379 431 2456 affequendam,
446 2379 470 2434 br
485 2379 675 2440 commodiorem
688 2387 763 2443 vitam

138 2461 300 2536 peragendam.
353 2463 508 2532 Praeterquam
520 2459 583 2532 quod
598 2463 697 2518 oderant
709 2458 765 2536 pr

137 2542 237 2616 scopos,
253 2556 296 2595 nee
311 2536 358 2596 iliis
367 2538 468 2614 obsequi
477 2536 591 2597 volebant.
626 2543 762 2601 Pretereafi

698 2621 763 2680 nullu
