1641 3011
135 53 152 117 6
206 54 373 110 THEOPH.
393 54 674 112 PROKOPOWICZ
702 79 704 82 ’

134 182 200 254 tique
214 180 286 231 vestra
302 196 396 250 qnoque
407 178 517 233 sementia
527 179 653 234 Catholicae
662 180 765 236 Ecclesia

137 277 189 330 pars
198 256 268 309 vestra
279 252 383 323 Ecelefia,
393 253 408 308 si
418 255 514 311 alieuius
524 260 765 315 errorisconvincere-

136 349 190 402 tm,
210 335 343 387 convincite
356 352 413 403 ergo
429 334 531 390 nostram
545 339 637 405 erroris,
653 337 765 408 &licebit

136 433 180 469 iios
190 408 338 468 aCatholicis
348 409 468 485 appellare,
478 412 516 466 sed
527 415 561 468 uti
571 411 683 470 hasienns
692 436 764 471 nemo

138 495 248 558 convicit,
261 494 292 544 ita
302 495 378 545 necin
388 504 497 545 aternum
507 495 630 565 qnisquam
640 499 765 548 connince·

138 571 271 641 repererit.
308 572 377 625 Forte
392 569 477 640 dogma
492 569 520 626 de
533 569 680 647 processione
696 576 765 645 Spiri-

138 662 176 701 tus
191 654 212 701 S.
227 666 256 705 ex
270 646 321 702 solo
338 652 403 703 Patre
417 647 530 704 vocabitis
541 667 656 718 errorem,
675 650 713 707 sed
725 653 766 724 qui

138 726 187 782 hoc
197 744 322 782 erroneum
335 742 427 798 vocant,
440 726 593 785 vehementer
603 742 686 798 errant,
696 722 766 801 &ipsi

139 805 241 863 haeretici
252 806 312 877 sunt,
323 820 348 863 nt
356 806 416 864 infra
424 807 577 865 ostendemus,

175 1014 177 1018 .
195 965 288 1019 Additis
299 977 377 1019 tamen
387 968 510 1035 rationem,
525 971 567 1020 cur
585 967 659 1022 nostra
671 962 768 1019 Ecclesia

140 1060 190 1097 iioii
200 1041 225 1095 sit
241 1040 451 1111 vobisCatholiea,
468 1044 769 1119 qnodseilicetpertotum

140 1120 274 1174 universum
284 1139 333 1175 non
344 1119 370 1174 sit
380 1122 466 1176 diffusa.
508 1125 605 1197 Quaero:
620 1123 724 1174 Nomine
733 1138 769 1172 ca-

97 1262 99 1265 *
142 1197 235 1253 tholicae
246 1197 375 1268 intelligitis
388 1212 463 1254 totam
474 1213 558 1274 quanta
568 1212 652 1273 quanta
662 1196 688 1252 sit
696 1195 769 1251 fideli·
814 1250 816 1253 ,

142 1296 184 1330 nm
200 1277 425 1347 congregationem?
447 1298 475 1331 aii
492 1292 518 1331 ut
532 1279 627 1332 denotat
641 1275 771 1350 quamlibet

143 1359 213 1408 etiam
224 1355 385 1427 particularem
395 1354 518 1409 Ecclesiam
532 1359 626 1426 corpori
636 1354 722 1409 Christi
735 1356 771 1407 in·

131 1433 281 1501 'linientem
297 1434 320 1486 oi
334 1435 442 1503 dogmata
459 1438 509 1487 eins
524 1428 667 1487 seruantem?
687 1432 735 1487 hoc
747 1451 771 1485 e·
801 1438 802 1442 ’

143 1515 193 1565 nim
203 1509 273 1582 pallo
286 1528 339 1564 eam
349 1515 417 1566 unius
427 1514 526 1566 civitatis
537 1510 660 1565 Ecclesiam
671 1509 770 1563 dicimus

145 1587 304 1644 Catholicam?
314 1591 337 1643 Si
339 1587 432 1661 strando
441 1590 490 1644 hoc
500 1589 667 1660 modoiiegatis
677 1588 720 1642 elle
727 1592 771 1642 Ca-

144 1668 257 1724 tholicam
268 1668 368 1724 nostram
379 1665 500 1724 Ecclefiam
506 1712 514 1738 ,
527 1664 644 1723 debebitis
656 1665 696 1736 (nt
705 1673 772 1738 supra

146 1748 208 1819 dixi)
218 1748 281 1801 alind
291 1744 380 1812 adferre
388 1760 558 1816 argumentum,
568 1747 682 1800 &erroris
691 1764 735 1799 nos
746 1749 771 1799 i'n

146 1821 216 1878 iebus
225 1824 280 1878 fidei
290 1827 444 1895 convincere,
461 1825 501 1880 sed
510 1824 558 1880 hoc
567 1821 771 1881 viresvestraslon-

145 1922 175 1974 ge
184 1905 280 1975 superat.
319 1905 396 1983 Qiod
409 1903 425 1958 si
439 1907 464 1958 in
480 1905 546 1958 sensu
552 1907 629 1980 primo
637 1903 770 1977 loquimini,

145 2000 213 2057 quam
224 1975 281 2053 eigo
293 1986 368 2055 qualo
382 1982 465 2037 dicetis
480 2002 523 2038 vos
539 1981 583 2037 esse
595 1981 771 2035 Ecclesiam‘Ca-

145 2061 266 2130 cholicam,
275 2080 345 2135 qnam
356 2064 426 2115 etiam
437 2060 498 2132 mihi
513 2060 638 2117 ostendetis
649 2057 772 2114 Ecclesiam
788 2100 790 2105 ,

146 2142 177 2193 ita
187 2138 293 2212 amplam,
309 2159 359 2215 qua
369 2139 397 2195 ad
408 2159 491 2196 omnes
500 2139 583 2194 mundi
594 2139 680 2194 limites
689 2154 778 2210 pomo„

147 2221 210 2271 rium
219 2221 285 2273 sunni
297 2217 419 2290 proferat,
442 2232 566 2294 totumque
576 2217 660 2273 orbem
671 2224 772 2292 occupet

146 2313 173 2350 ac
186 2294 385 2367 comprehendat?
403 2298 481 2353 nescio
496 2316 525 2353 an
541 2299 586 2353 erit
596 2314 711 2372 unquam,
723 2291 772 2350 scio

146 2375 212 2447 quod
227 2375 277 2446 post
292 2376 418 2431 hominnm
436 2380 578 2441 memoriam
588 2392 707 2450 nunquam
719 2367 773 2436 filil,

146 2470 263 2510 iiecnniic
274 2452 619 2530 estullatimainplaEcclesia.
660 2446 773 2508 Fortedi-
792 2465 793 2468 ¹

707 2537 774 2594 cetis,
