1641 3011
138 131 182 203 176
273 124 605 188 Mutnnolnnsrousro

139 255 315 332 Episcopatum,
325 255 353 312 ab
364 252 464 310 Ecclesia
470 255 607 312 Protessanti
613 253 768 327 Presbyteria·

141 356 170 393 na
186 334 319 405 rejedum3
354 333 462 389 Schisma
478 339 588 391 Romanae
602 334 706 393 Ecclesia
722 337 767 393 dcc.

140 420 185 469 His
199 420 282 487 paucis
291 412 416 468 'erroribus
432 413 546 469 hadenus
559 432 572 469 a
586 436 626 471 me
640 415 768 484 recensum,

141 493 312 549 sufficientibus
322 509 334 546 a
343 510 383 546 me
393 491 510 564 judicatis,
521 492 768 555 utexheresrexirem.

141 575 290 629 Potissimum
273 574 360 663 aquia
370 570 469 627 Sensim
484 569 582 628 lacobus
594 573 664 629 nobis
673 574 749 629 dicit
742 592 769 628 rn

142 658 182 709 ua
193 651 306 725 Epistola
319 670 361 726 qur
371 665 454 724 pecca
465 673 490 708 m
499 670 577 711 unoar
579 651 769 728 rculolegrs,s
794 699 796 701 ,

141 731 193 787 dus
202 733 235 785 est
245 733 356 785 omnium
366 748 449 786 reus

193 815 349 885 Praeterquam
364 810 430 885 quod
444 811 564 866 Dominus
584 810 770 868 Bartholomaeus

81 951 83 955 Α
141 890 239 945 Cass'arno
249 909 289 944 me
299 902 392 944 certum
403 889 511 958 fecisset,
533 891 563 943 de
577 892 650 947 vestra
662 888 770 958 Ecclesia,

142 982 308 1041 nomenante,
319 988 369 1042 qua
382 972 407 1021 in
416 970 553 1023 Protessanti
564 969 587 1023 dr
598 972 703 1026 Romana
714 987 771 1026 con-

143 1047 293 1117 demnabam,
307 1051 347 1101 cui
356 1046 473 1117 respondi.
492 1050 595 1101 Graecam
606 1051 679 1118 igitur
688 1047 770 1104 Eccle-

140 1124 196 1180 siam
213 1125 287 1180 solam
302 1124 348 1178 esse
364 1142 445 1179 veram
456 1123 543 1179 Christi
554 1124 686 1181 Ecclesiam.
723 1128 772 1181 Cui

142 1204 235 1259 rursum
254 1203 365 1277 respondi
380 1218 432 1258 earn
447 1205 491 1258 esse
504 1207 605 1277 primam
623 1206 646 1259 dr
667 1211 771 1260 Matrem

141 1287 258 1353 Romana,
266 1303 322 1359 „qua
333 1282 442 1339 adversus
456 1283 529 1356 ipsam
540 1282 691 1339 rebellaverat
701 1306 708 1349 3
726 1303 772 1339 nec

100 1418 102 1420 .
145 1382 197 1418 eam
213 1362 345 1437 quidquam
365 1362 479 1417 addidisse
494 1360 532 1416 vel
547 1362 686 1417 subtraxisse
700 1384 713 1420 a
728 1363 773 1419 don

144 1441 227 1511 drino,
237 1459 308 1515 quam
319 1458 331 1495 a
342 1440 436 1495 Christo
446 1441 469 1494 dt
479 1439 507 1495 ab
512 1441 630 1513 Apostoiis
639 1455 772 1514 acceperat:

144 1526 207 1576 Cum
217 1540 231 1573 e
241 1520 322 1574 contra
334 1524 437 1574 Romana
444 1518 543 1573 Ecclesia
554 1519 773 1577 ChristiEcclefiam

143 1610 274 1655 nurtuverat
284 1598 308 1653 dt
319 1610 463 1670 corruperat,
475 1597 498 1651 dr
509 1598 639 1653 Protestans
652 1602 678 1653 in
688 1599 726 1655 sua
737 1618 773 1654 re·

142 1676 288 1733 formatione
299 1674 451 1744 aberraverat,
466 1677 501 1731 uti
512 1675 586 1746 probe
601 1675 643 1732 fibi
657 1678 774 1749 probave-

144 1775 201 1812 ram.
224 1758 283 1832 Quac
293 1754 392 1829 quidem
401 1753 470 1809 verba
482 1753 543 1808 mihi
553 1753 699 1826 placuerunt.
723 1763 773 1814 Iam

144 1835 236 1889 dudum
245 1836 311 1888 enim
321 1852 364 1886 cor
374 1832 436 1887 mihi
446 1831 560 1901 didabat,
573 1833 700 1890 Ecclesiam
712 1842 774 1890 Grac-

145 1932 196 1968 cam
211 1930 291 1966 veram
309 1909 354 1964 esse
372 1911 459 1966 Christi
473 1908 604 1968 Ecclesiam.
645 1919 774 1987 Deumque

144 1988 256 2063 precabar
266 1989 383 2062 quotidie,
393 2003 456 2043 tanta
464 1989 775 2046 uisacontroverfiadrdivi-

143 2068 209 2125 fione
226 2070 252 2122 in
262 2065 370 2123 Ecclcsris
379 2069 528 2138 Christianis,
543 2082 570 2122 ut
583 2069 649 2124 suam
660 2068 721 2123 mihi
731 2089 772 2124 vo·

143 2148 259 2205 luntatem
270 2159 352 2205 notam
363 2144 465 2221 saceret3
482 2152 523 2224 qui
533 2163 585 2203 eam
595 2146 661 2219 supra
671 2151 771 2205 Terram

129 2234 131 2238 ’
145 2227 274 2301 adimplere
284 2225 380 2301 possem.

197 2313 229 2362 Vt
238 2311 317 2380 paucis
328 2306 416 2382 loquar,
427 2303 662 2376 DanielisProphetia
673 2305 773 2363 asseren-

145 2388 175 2441 tis
185 2391 294 2458 Regnum
306 2388 392 2442 Mente
402 2385 454 2442 sore
465 2400 584 2453 aternum,
595 2384 773 2462 SandiqueLu-

146 2465 257 2520 caterba
268 2468 371 2522 dicentis
382 2465 470 2522 Christi
479 2469 588 2533 Regnum
599 2463 773 2524 srucmnouha

710 2544 772 2600 bitu-

217 2656 238 2701 u)
250 2655 281 2694 Iac.
291 2666 306 2693 c.
317 2666 330 2692 n
338 2665 356 2694 v.
365 2667 389 2697 ro.
412 2652 467 2693 Matio
476 2661 500 2697 aa.
508 2665 526 2693 a,
536 2666 562 2694 co,
