1641 3011
103 60 120 117 u
180 53 649 110 suanamaaoroaoturea
803 43 805 46 ’

104 180 168 234 Dno.
206 175 534 246 Tolleergouuitatemfidei,
543 190 607 229 certe
615 179 732 234 unitatem

106 255 176 312 tolles
186 253 296 310 Ecclesiae.
332 256 425 308 Deinde
437 255 561 329 quomodo
571 255 671 312 Ecclesia
679 274 734 312 nera

108 338 161 401 erit,
174 352 224 408 qua
235 333 312 386 seeum
326 333 373 404 ipsa
384 333 507 404 pugnabit,
519 332 602 387 eadem
611 337 734 391 euutdicit

108 412 195 486 Filium
205 415 251 467 Dei
264 410 309 465 esse
319 412 432 486 aqualem
441 416 513 480 Patri,
527 412 550 465 h
567 413 650 466 eadem
664 432 734 485 nega-

108 492 144 547 bit
154 491 178 544 irl
188 490 272 563 ipsum.
284 490 372 544 Eadem
382 509 454 558 uuam
465 490 577 545 &eadem
588 490 646 544 duas
657 493 735 564 perso-

108 587 149 625 nas
161 573 186 623 in
196 568 290 625 Christo
301 568 440 639 collocabit,
456 573 507 645 quis
518 569 568 624 haze
578 570 676 631 audiens
687 589 736 624 nou

108 648 219 705 horreat?
240 654 349 704 Praeterea
361 650 474 725 quorsum
483 649 579 715 suerunt
590 648 737 704 anathemata

109 726 227 797 Ecclesia,
245 728 332 801 quibus
346 741 523 802 eamputamus
535 727 603 798 lupos
614 726 643 781 ab
652 726 742 780 ovibus

110 804 233 861 secludere
249 809 273 873 <ir
288 805 398 863 aChristi
413 826 483 879 grege
494 804 626 880 expellere?
645 810 738 884 Opem-

111 902 166 939 nanr
181 889 245 939 enim
261 888 287 940 in
303 884 386 941 locum
399 886 522 942 haereticos
534 883 631 952 cives,sr
648 884 738 958 ubique

30 1026 32 1030 ‚
111 962 225 1019 Ecclesia?
243 963 295 1020 Ubi
305 964 533 1040 exilium,s1ubique
543 958 646 1033 domus?
656 980 740 1019 nntnes

111 1038 176 1096 seila
190 1045 340 1116 quantumvis
350 1041 392 1099 fibi
405 1049 527 1117 contrariae
537 1046 588 1098 suut
602 1061 646 1097 una
657 1041 740 1097 Eccle-

112 1119 152 1177 sta:
171 1139 183 1176 a
193 1119 285 1177 calvini
297 1123 376 1196 itaque
387 1127 508 1194 Synagoga
517 1120 610 1178 transire
621 1121 649 1175 ad
660 1124 740 1175 Ponti-

114 1201 201 1268 ficiam,
212 1212 251 1255 aut
261 1217 273 1253 a
283 1204 364 1273 quavis
375 1200 418 1255 alia
429 1200 525 1255 verbere
536 1201 691 1254 anathematis
701 1218 741 1253 ex-
777 1245 778 1248 ,

114 1276 171 1350 pelli
187 1291 237 1333 erat
250 1291 342 1333 tanturn
357 1298 387 1333 ex
396 1298 443 1333 una
452 1279 514 1334 sacra
524 1298 573 1334 non
584 1296 639 1331 veto
650 1296 680 1349 etr
692 1289 742 1332 tota

116 1356 218 1411 Ecclesia
229 1356 269 1410 seu
278 1356 349 1426 pelli,
368 1357 409 1411 seu
419 1361 491 1412 exire.
533 1360 642 1430 Denique
652 1352 703 1409 stin
715 1373 743 1409 o·

114 1434 213 1491 mnibus
228 1433 296 1488 seilis
311 1434 411 1491 Ecclesia
430 1438 473 1504 est,
490 1437 515 1490 in
530 1433 642 1490 omuibus
653 1435 675 1487 <lc
685 1432 743 1488 salus

116 1514 164 1569 est:
186 1517 235 1570 Cur
249 1516 324 1585 igitur
332 1513 435 1571 sollicite
445 1515 591 1587 disputamus
602 1514 626 1568 δι
637 1513 744 1585 operose,

117 1610 160 1649 cur
176 1590 261 1649 auxilia
278 1592 460 1650 convocamus?
486 1597 536 1650 Cur
550 1592 613 1648 ultro
634 1594 744 1668 citroque

117 1672 188 1729 editis
204 1671 375 1743 digladiantur?
393 1677 442 1729 Cur
453 1691 502 1728 uon
511 1682 565 1727 'raro
576 1674 648 1725 etiam
659 1672 746 1725 adura-
758 1688 760 1690 ’

118 1748 458 1808 nushradfertumvenitres?
477 1753 523 1807 Sed
532 1750 582 1805 hec
589 1748 670 1804 multis
677 1767 745 1803 cotu-

120 1827 217 1902 probari
227 1828 321 1884 videtur
330 1829 460 1887 oriosresse:
476 1829 648 1897 Nousecisleur,
660 1828 746 1881 sedme

120 1908 230 1980 coegistis
241 1900 328 1964 insesla
339 1907 399 1965 mihi
409 1911 438 1967 de
449 1908 518 1966 vobis
526 1908 661 1981 suspicione
672 1919 698 1961 ut
708 1907 745 1958 in·
806 1925 807 1929 ¹

120 1982 193 2042 setius
207 1986 304 2060 patebit,
319 1988 439 2044 iumalam
455 2009 512 2062 ergo
527 1987 656 2061 impegistis
667 1986 745 2038 nomi-

121 2069 157 2121 uis
168 2064 288 2121 Catholici
299 2069 530 2140 interpretationem,
544 2086 602 2142 qua·
610 2061 746 2119 Bellarmini

123 2145 167 2212 ell,
182 2148 222 2200 cui
237 2149 301 2201 utin
316 2144 367 2201 aliis
382 2150 414 2202 ita
425 2149 450 2203 in
460 2145 508 2204 hoc
519 2163 617 2224 quoque
626 2142 747 2198 vestrimet

101 2247 104 2250 ¹
123 2222 228 2294 ipsorum
240 2223 345 2281 dosioris
356 2225 514 2297 recludantur,
530 2225 586 2279 licet
601 2221 682 2295 &ipse
694 2236 747 2273 eam

123 2313 395 2378 utcunquetempcrare,
410 2307 459 2361 hoe
473 2308 505 2361 eh
524 2302 647 2359 falstatem
658 2296 748 2355 cavillis

124 2379 245 2437 involvere
256 2388 372 2440 annitatur
382 2383 444 2440 libro
456 2385 486 2439 de
497 2385 561 2439 uotis
572 2376 715 2437 Ecclesiae.
725 2392 748 2445 7,

84 2518 87 2541 1
124 2478 171 2536 qua
183 2458 213 2516 de
223 2477 249 2515 re
259 2472 285 2516 ut
294 2461 406 2521 salubrius
417 2460 625 2537 philosophemur,
634 2459 750 2588 duoffi
