1641 3011
128 170 169 224 ψ
277 157 424 211 nannum
441 154 613 211 unsrunsro
691 113 705 165 7

129 297 188 349 nur,
201 296 276 357 quam.
282 282 383 356 quodvis
394 276 471 348 aliud,
486 278 591 354 alioquin
602 267 676 337 selem
687 280 715 336 ad
728 279 754 335 id

129 357 524 430 aulloritatecivilicompulsurm.
690 366 692 377 ’

185 461 252 537 an
264 450 557 515 etiam'animarlverteram
568 460 584 511 l.
593 458 754 513 Communiu-

84 580 85 583 ,
131 554 187 592 nem
204 557 216 592 a
231 538 309 591 Laicis
322 538 347 590 in
361 552 387 591 ea
403 535 449 591 sub·
462 555 507 593 um
522 549 614 596 tantum
629 535 705 609 specie
715 535 754 591 ad·-

130 608 265 684 ministrari,
277 618 386 689 ¹quamuis
402 615 579 673 dillum'luerit
595 635 625 670 er
639 634 669 670 eu
679 615 755 679 bibite

129 712 215 748 omnes
223 702 237 763 1,
253 692 383 768 quali-‘vero
393 695 416 749 se
426 701 481 750 Deo
492 697 515 751 ἂι
525 699 599 769 prima
609 693 710 750 Ecclesia
720 697 755 748 ni-

129 775 219 828 mirum
230 777 311 828 'Graeea
327 776 481 847 sapientiores
497 777 542 830 elle
549 787 644 848 putent:
663 777 714 828 imo
729 773 755 826 li-

91 874 92 877 *
129 865 168 907 cet
183 853 249 914 idem
264 858 408 910 contrarium
419 853 450 910 'lit
465 858 601 927 primorum·
613 853 756 918 Christiano-

129 949 183 985 rum
194 933 349 988 Sacerdotum
361 936 433 1004 praxi,
443 938 485 1007 qui
495 953 543 987 non
555 933 665 1005 putabant
674 934 696 986 le
706 944 757 986 tuta

129 1010 275 1065 conscientia
287 1012 391 1065 mediam
406 1025 499 1066 tantum
508 1025 597 1084 partem
607 1011 707 1080 hujusce
718 1008 757 1065 Sa-

127 1092 242 1145 cramenti
252 1088 413 1145 administrare
422 1090 494 1163 polle

133 1203 136 1209 2
180 1183 207 1233 ΙΙ,
226 1177 364 1235 Crustnlum
379 1180 408 1236 ad
429 1178 610 1247 conficiendum
620 1175 668 1232 hoc
679 1180 757 1231 Sacra·

129 1271 238 1312 mentum
253 1255 373 1328 adhiberi,
401 1262 508 1332 quamvis
522 1256 646 1312 ellentialis
661 1258 758 1309 materia

131 1337 239 1404 ejusdem
248 1340 392 1391 Sacramenti
407 1337 434 1393 fit
445 1333 674 1409 panis'fermentatus
690 1336 757 1402 juxta

130 1419 277 1487 Scripturam
287 1413 394 1480 Sacram3
409 1420 451 1491 qui
462 1414 629 1490 quidemsolus
639 1417 757 1489 curnvino

130 1493 262 1567 perfelium
282 1494 401 1567 spirituale
422 1493 595 1550 nutrimentum
610 1495 717 1566 corporis
731 1493 758 1548 ’ἃ

129 1576 253 1645 Sanguinis
268 1573 354 1627 Christi
370 1572 440 1629 nobis
454 1577 479 1627 in
490 1593 520 1628 eo
532 1571 668 1628 exhibitum
678 1590 759 1644 repra-

130 1652 212 1713 sentat.
253 1654 316 1706 Cum
328 1655 392 1708 enim
405 1651 534 1713 crullulum
545 1647 594 1708 nun
605 1654 757 1723 nutriatCor‘f

130 1750 173 1804 pus
188 1744 229 1785 aut
244 1729 325 1785 saltem
339 1750 453 1807 perquam
469 1729 608 1804 imperfelle
623 1731 648 1784 id
662 1730 758 1802 praestet,

131 1811 157 1864 id
167 1808 263 1866 crustuli
277 1809 387 1883 probaret
396 1813 490 1885 Corpus
505 1811 593 1866 Christi
604 1828 654 1883 nun
663 1808 724 1863 alere
734 1826 758 1862 a·

131 1892 221 1943 nimam
235 1888 273 1942 vel
287 1888 368 1945 saltem
379 1910 431 1945 eam
443 1909 473 1944 eo
489 1907 601 1965 perquam
615 1886 758 1961 imperlelle

131 1966 169 2022 ali.
206 1967 288 2037 Adde,
311 1969 377 2043 quud
393 1988 449 2025 cum
461 1972 537 2042 agitur
552 1970 758 2043 depaneazynm,
787 1999 791 2006 ,

129 2050 250 2118 Scriptura
275 2051 343 2101 Sacra
372 2068 428 2102 eum
453 2048 586 2103 formaliter
618 2050 726 2101 nominat
736 2058 757 2097 ⁷¹¹.

132 2126 208 2206 onrl
219 2122 305 2202 nullibi
315 2126 418 2196 prnllitit
428 2125 534 2197 respeilu
544 2126 614 2193 hujus
624 2130 758 2196 Sacramen-

131 2209 166 2274 ti,
179 2203 325 2275 'fimpliciter
344 2221 432 2258 vocans
454 2206 503 2271 ejus
522 2208 647 2258 materiam
664 2221 757 2275 panem.

134 2286 195 2337 Cum
204 2303 217 2337 e
227 2283 308 2338 contra
319 2281 366 2337 tale
381 2282 510 2345 crustulum
520 2283 647 2361 nequidem
658 2284 723 2356 panis
733 2299 756 2337 a·

133 2380 215 2431 zymus
229 2361 271 2433 fit,
289 2361 374 2439 xneque
388 2361 549 2420 fermentatus,
602 2363 648 2419 Sed
664 2376 758 2417 tantum

310 2466 312 2468 ·
682 2441 759 2518 quud-

154 2516 169 2563 l)
181 2513 237 2554 Marh.
245 2528 259 2552 e·
267 2520 316 2557 zue.
325 2533 348 2568 27,
371 2547 374 2548 γ

155 2569 183 2617 m)
195 2567 250 2605 Marc·
259 2577 302 2613 014-
311 2583 327 2606 r·
336 2584 359 2609 11.
371 2572 413 2610 Lnr.
421 2585 435 2610 e.
443 2586 468 2619 14.
477 2585 495 2610 v.
504 2584 529 2618 30.
544 2571 584 2610 nai.
592 2587 606 2612 t.
616 2586 629 2611 1.
639 2586 657 2609 v.
666 2566 759 2618 42451011·

179 2632 193 2656 t·
208 2631 230 2656 12·
242 2630 259 2654 v·
273 2625 287 2659 8·
299 2631 321 2660 15·
356 2635 364 2659 z
373 2623 415 2671 neg.
424 2637 439 2662 c.
446 2636 469 2669 2³·
478 2636 495 2662 r.
503 2636 520 2670 9.
554 2623 592 2662 iret.
601 2636 616 2662 c.
624 2636 651 2661 1ο.
661 2633 678 2659 v.
687 2622 703 2658 n.
712 2623 730 2667 γ’,
739 2631 758 2655 n.

180 2669 219 2709 alei.
226 2681 241 2707 t.
250 2680 271 2707 12.
280 2681 297 2707 v.
306 2679 320 2713 3.
