1641 3011
111 170 158 236 aa
193 125 342 225 rurum
357 164 590 258 innumerum
610 168 700 222 arun.

62 311 65 313 ’
126 288 753 367 nonpottescmus,&dicemushuuunamc‘arnem

126 393 173 451 qua
184 370 242 427 nihil
249 372 347 428 fluxum
361 373 439 442 magis
454 373 494 439 est,
510 370 610 426 naturali
620 374 721 447 quadam
730 374 754 427 vi

127 452 242 509 tamdiua
258 450 384 522 putredine
399 449 423 503 se
438 449 573 520 vindieaiie,
592 463 663 526 etque
673 455 755 509 etiam-
785 508 789 512 ,

127 550 186 589 num
196 531 324 587 uindicare.
366 529 454 586 Osores
464 545 540 587 tamen
551 529 700 587 Orthodoxae
712 550 755 587 no·

128 613 176 667 iim
184 607 289 679 Eecieiia
299 652 307 678 ‚
335 608 462 681 praesertim
473 614 514 684 qui
524 614 634 685 Romano
648 615 712 683 Papae
723 610 755 665 sa·

129 709 183 746 cros
193 690 216 744 se
226 688 250 742 se
260 686 363 757 faciunt,
380 687 503 761 lippientes
519 687 556 744 vel
566 691 714 744 caecutientes
723 688 757 744 ob

129 768 245 825 invidiam
256 786 307 823 non
316 767 399 822 vident
410 788 461 823 rem
469 770 530 824 ‘adeo
540 768 705 842 conspicuam3
716 768 757 823 seu

129 852 211 923 potius
220 848 327 903 videntes
338 865 387 903 non
397 847 486 918 vident,
494 849 563 923 seque
574 848 655 904 videre
664 857 766 919 negant‘

130 930 243 983 Divinam
259 944 361 1001 namque
377 930 538 1000 integritatem
549 922 614 984 istam
627 926 685 981 nihil
699 930 723 981 in
735 925 759 981 se

69 1029 70 1032 ¹
131 1010 214 1063 Dirini
224 1004 320 1074 habere,
335 1006 376 1064 sed
390 1026 456 1060 mere
466 1006 594 1061 naturalem
605 1006 650 1061 etse
661 1004 759 1062 conten·

131 1086 198 1141 dunt.
238 1089 319 1162 Qare
335 1102 390 1137 cum
405 1082 456 1154 ipsrs
473 1087 542 1138 nobis
558 1088 601 1137 erit
612 1086 654 1138 hie
665 1084 759 1139 contro-

131 1162 209 1230 versae.
246 1161 352 1216 Afferam
363 1157 465 1215 rationes
476 1176 575 1234 exparte
586 1162 701 1233 ipsorum,
709 1180 760 1216 nun

132 1243 208 1305 modo
217 1258 274 1315 quas
283 1238 357 1311 vulgo
369 1238 496 1311 objiciunt,
506 1240 547 1296 sed
557 1242 629 1296 etiam
639 1258 696 1315 quar
706 1240 760 1313 pos·

134 1321 188 1376 sunt
197 1320 314 1389 objicere,
332 1337 418 1393 easque
428 1322 453 1373 in
459 1319 581 1389 duplicem
587 1319 680 1373 ciaffem
689 1319 763 1372 distri-

134 1398 215 1468 buam,
226 1415 327 1473 quarum
338 1396 387 1450 aliar
394 1415 458 1451 mere
463 1394 568 1470 phyma,
578 1395 625 1454 alia
636 1395 763 1468 partimhi-

135 1480 230 1547 storicae,
245 1478 330 1549 partim
341 1475 496 1546 Theologicae
505 1477 565 1529 sunt.
579 1475 652 1543 Nam
664 1475 721 1530 lieet
732 1496 763 1532 ex

136 1557 239 1613 historiis
251 1566 291 1607 aut
301 1554 371 1607 saeris
382 1553 485 1607 oraculis
493 1554 611 1625 disputare
622 1572 672 1608 non
681 1551 764 1611 snmu-

135 1654 181 1693 nus
194 1632 335 1691 &officium
345 1629 499 1704 Philosophi,
528 1631 583 1687 lieet
595 1644 675 1687 tamen
686 1632 764 1690 obiter

136 1716 162 1770 id
177 1711 267 1781 fecere,
279 1710 323 1783 *hie
339 1712 479 1786 pruinam,
497 1709 538 1766 ubi
548 1729 584 1766 res
595 1709 643 1785 ipsa
655 1712 764 1784 postulat,

137 1813 168 1850 ne
179 1792 239 1867 quid
256 1789 414 1865 relinquatur,
438 1791 504 1866 quod
518 1794 625 1845 animum
638 1790 765 1847 sollicitare

138 1874 215 1946 poffit.
252 1874 296 1927 Per
310 1868 458 1925 occasionem
473 1882 553 1926 autem
568 1871 676 1926 dicemus
689 1870 766 1947 aliqua

139 1955 211 2011 etiam
226 1950 256 2007 de
271 1948 423 2024 cadaveribus
438 1948 588 2005 anathemate
599 1952 767 2023 percussorum,

231 2049 281 2107 quar
290 2029 376 2086 itidem
386 2031 475 2100 integra
485 2029 672 2105 effe,&turnidr

200 2121 202 2124 ’
392 2110 513 2166 dicuntur.

324 2272 580 2416 naumann&

347 2380 552 2497 '‘ffaiaiassgaffi
674 2430 675 2433 γ
