1641 3011
106 189 134 241 52
185 166 350 233 ”innota
376 155 654 223 uaouoaouu'ez

106 293 208 348 licotum
224 303 414 361 argumentorum
429 294 518 363 eripere
532 292 617 365 satagit.
662 295 732 347 Dicet

107 368 246 427 enimverbi
260 364 342 441 gratia:
360 372 480 426 Arrianam
497 369 665 442 blasphemiam
675 371 732 425 dici-

108 469 169 518 mus,
179 468 224 520 ego
234 446 274 520 ipss
284 446 395 517 objiciam
405 453 525 522 Scriptura
536 449 678 517 testimonia,
692 449 731 505 ille

109 548 158 583 non
175 531 205 581 ita
223 525 371 597 intelligenda
387 528 529 599 adhaerabit,
544 528 650 589 elamabo
672 532 703 583 ita
719 547 732 583 a

109 605 225 675 Patribus,
236 608 269 660 ita
278 624 290 660 a
300 606 406 661 conciliis
417 605 532 663 intellessa
542 606 593 677 esse,
611 605 678 662 faeile
687 606 733 664 ela·

110 686 191 748 betur3
209 686 266 739 dicit
275 688 348 755 enim,
357 704 406 739 non
414 685 475 740 bene
486 685 523 742 illa
533 685 674 755 intellexisse,
684 705 734 743 non

110 764 255 820 consonuisse
265 760 392 835 Scriptura,
403 766 426 818 se
435 764 487 835 ipsas
502 785 593 819 morem
606 784 654 819 non
669 783 734 835 gere-

110 865 144 913 re,
153 858 209 898 tune
220 844 332 914 gestarum
342 862 397 897 eum
412 846 583 898 consonuerint.
595 849 650 921 Qua
666 843 734 916 ipsius
750 890 752 893 Α

111 920 236 995 responsio7
246 921 263 976 fi
273 923 329 996 quid
340 921 422 997 valeat,
433 923 531 994 digitum
541 925 586 990 jam
599 922 679 978 oribus
689 925 734 977 im-

111 1020 200 1073 ponere
214 1000 353 1054 debebimus
370 1002 393 1055 &
409 1005 473 1055 taciti
491 1001 567 1070 abire,
590 1003 651 1056 ande
666 1001 734 1055 vobis
807 1056 809 1059 ,

113 1100 168 1135 cum
181 1097 276 1154 quoque
285 1078 344 1133 nihil
353 1076 464 1134 haslenus
478 1082 582 1150 egimus,
594 1099 648 1133 cum
661 1080 736 1134 oslen-

113 1160 190 1215 dimus
205 1178 234 1214 ex
250 1158 368 1234 PatribuS,
386 1178 434 1214 non
449 1163 480 1214 ita
493 1161 558 1231 supra
574 1155 670 1213 adduda
685 1158 737 1213 loca

112 1242 233 1312 Scriptum
260 1237 407 1310 intelligendu
429 1238 459 1292 de
479 1236 563 1293 Sanslo
580 1240 666 1310 Spiritu
684 1237 737 1306 effe,

113 1316 314 1392 quernadmodum
343 1336 386 1371 vos
414 1317 555 1388 intelligitis:
587 1314 737 1387 respondebis

116 1399 187 1464 enirm
199 1392 276 1449 Patres
287 1414 335 1449 non
346 1395 473 1450 consonare
488 1396 532 1449 hac
542 1398 566 1448 in
576 1413 600 1449 re
611 1396 738 1467 Scripturm

114 1478 196 1528 Fateor
207 1491 265 1528 vero
275 1472 339 1528 vossi
346 1473 396 1527 talis
407 1477 466 1528 ratio
476 1472 545 1528 vobis
555 1473 586 1527 esi
597 1473 736 1544 responden-

117 1553 149 1622 di,
160 1550 246 1605 nullam
257 1550 321 1622 posse
331 1551 375 1605 esse
390 1555 505 1605 rationem
522 1550 644 1605 vobiscum
661 1551 738 1623 dispu-

116 1628 180 1686 tandi
202 1629 231 1684 de
249 1627 364 1683 Patribus:
382 1647 439 1700 ergo
453 1648 496 1685 nos
512 1648 608 1704 quoque
623 1632 654 1684 ita
669 1630 738 1683 senti-

52 1723 53 1726 ’
117 1729 182 1776 mm,
210 1719 237 1761 ut
260 1726 308 1760 non
325 1710 424 1762 omnino
439 1712 463 1761 in
479 1727 563 1762 eorum
578 1707 647 1762 verba
662 1711 738 1776 jurare

117 1799 238 1861 oporteat,
252 1783 267 1839 fi
279 1786 339 1860 'quid
356 1805 415 1840 unus
431 1799 470 1840 aut
484 1785 548 1852 alter,
574 1787 637 1859 quod
648 1806 696 1841 non
707 1788 738 1841 est

117 1865 209 1921 aliunde
219 1877 333 1936 apertum,
342 1863 474 1936 protulerit,
483 1865 521 1918 sed
531 1862 547 1917 fi
558 1882 649 1933 omnen,
659 1878 681 1919 at
692 1884 739 1921 ma-

118 1949 185 1998 ximo
196 1961 294 1997 nurnero
306 1943 393 2017 aliquid
404 1944 509 2010 doceant,
515 1962 563 1997 non
573 1943 678 1996 divinum
689 1946 740 2017 qui-

118 2024 172 2076 dem
178 2065 186 2091 ,
199 2021 247 2075 ,sed
264 2039 338 2093 prope
353 2021 460 2075 divinum
476 2039 588 2076 vocamus
608 2021 740 2077 oraculum:

118 2101 238 2171 (loentum
248 2103 311 2152 enim
323 2098 346 2153 bs
356 2113 490 2171 temporum
505 2099 629 2154 intervallis
643 2098 707 2154 divisi
717 2105 742 2153 in

118 2179 265 2235 mendacium
276 2179 406 2250 conspirare
417 2198 465 2234 non
475 2174 590 2251 poterant,
602 2196 678 2253 neque
687 2198 741 2235 una·
779 2177 785 2178 ⁷

119 2262 177 2313 trimi
193 2258 304 2313 consensu
314 2257 411 2327 docere,
422 2256 461 2312 nili
476 2278 525 2332 quar
539 2277 580 2330 per
592 2258 741 2314 traditionem

119 2336 146 2392 ab
156 2335 333 2405 antecessoribus
343 2337 388 2391 sitis
401 2340 547 2410 acceperant)
559 2337 656 2408 Optime
665 2337 742 2412 loqui-

119 2429 156 2470 tur
172 2418 247 2471 Adam
263 2416 388 2471 Zernilsau.
434 2417 541 2471 Concilia
557 2434 614 2471 vero
629 2417 742 2487 generalia

118 2493 223 2566 legitime
237 2493 350 2549 celebrata
360 2492 507 2550 infallibilem
522 2494 545 2549 dt
559 2496 707 2553 certissimam
716 2496 742 2549 si-

119 2574 158 2629 des
168 2573 212 2628 esse
227 2573 329 2644 regulam
344 2576 490 2629 confitemur.

704 2733 743 2789 Vs.
