1641 3011
171 167 172 171 ’
190 158 407 237 uaLrQurnuuu
426 158 577 212 KIIOVIENS
565 160 643 212 amu
698 180 734 233 119

104 281 214 339 Pontifex
230 282 380 341 orthodoxus
400 302 429 338 ex
450 271 619 356 prescripto
600 296 646 339 33333
667 273 733 357 supra

104 356 150 417 tale
161 364 258 418 cadaver
274 381 353 435 preces
368 368 420 438 Deo
435 360 536 431 fuderit,
551 364 648 419 sentent'
632 377 713 438 ramq
713 386 734 419 33

105 440 258 496 absolutronrs
269 456 339 514 pro
314 441 393 496 tulerit
384 454 502 512 nmagao
517 441 569 494 stane
583 438 606 495 33
619 443 733 532 stupendo
768 467 770 470 ·

105 519 220 576 miraculo
234 519 312 578 subito
331 484 428 576 cadauer
447 519 594 590 dissolvitur,
619 524 685 589 eujus
701 525 735 576 333

105 598 154 654 duo
165 598 396 673 celeberrimumque
405 600 544 654 testatiffima
556 601 643 655 33333333
654 621 735 654 exem-

105 675 150 747 pla.
167 680 272 734 Primum
283 680 314 733 est
325 677 386 750 apud
397 681 525 733 Martinam
536 677 642 735 Crufium
651 678 705 734 Lib.
713 697 733 733 a.

105 757 285 829 Tarcograciae:
302 757 366 832 quod
379 751 608 812 curn-Machorneres
619 755 733 812 Iracundus

106 837 240 892 Turcarunr
255 842 383 909 Imperator
399 835 527 891 3333333333
550 836 735 892 Christianorum

105 932 141 968 res
154 911 278 988 ¹accepisset
292 928 308 970 a'
319 915 466 990 quibusdam,
478 915 586 972 cadavera
601 912 736 986 hominum,

105 1011 156 1067 quae
173 997 297 1066 Pontifices
314 996 437 1050 Christiani
458 995 603 1051 anathemate
622 996 735 1067 3333333333-

105 1085 173 1141 runt,
193 1076 245 1147 post
256 1073 350 1129 obitum
360 1094 409 1129 non
420 1075 564 1146 putrescere,
580 1075 735 1152 instanterque

105 1117 285 1221 333333333333333
287 1152 312 1207 br
322 1153 432 1225 exemplo
448 1151 609 1224 comprobari:
627 1149 735 1209 recorda-

107 1235 127 1285 ti
140 1232 205 1286 senes
219 1231 327 1286 nonnulli
342 1232 466 1299 homines,
481 1231 605 1285 mulierem
620 1229 735 1306 quandam

106 1330 118 1367 a
128 1312 245 1382 preterito
254 1309 383 1363 Parriareha
393 1303 515 1362 Gennadio
526 1308 647 1364 Schol'ario
657 1309 736 1363 fulmi-

107 1409 137 1446 ne
149 1388 196 1444 hoc
205 1386 349 1462 percussam
342 1400 377 1441 3333
368 1386 457 1442 33333333.
465 1384 539 1465 Quarfi
541 1400 592 1441 333333
603 1406 627 1441 33
628 1407 660 1459 go
670 1389 735 1443 euda-

108 1489 149 1523 333
158 1467 192 1522 3333
184 1488 220 1523 rus
230 1468 253 1522 33
265 1480 342 1539 repert
344 1487 383 1522 um
397 1471 521 1546 integrum,
557 1470 620 1544 Quia
635 1487 675 1522 ver
677 1489 692 1523 o
707 1469 737 1522 de

106 1547 176 1604 solut
160 1549 231 1603 tronis
243 1564 338 1621 quoque
352 1549 434 1601 mirarer
426 1545 487 1616 ulo,¹
505 1545 585 1619 quor]
593 1545 687 1601 3033333
628 1559 736 1602 unonem

101 1626 166 1718 *pout
156 1628 252 1681 3333333333
263 1615 378 1699 sequitur,
414 1630 513 1696 Imperat
515 1644 542 1679 or
553 1625 655 1679 audierat
656 1627 697 1693 ,33
711 1627 736 1679 id

107 1709 180 1761 etiam
190 1704 280 1760 ostendi
290 1703 330 1757 fibi
346 1703 512 1776 postulaverat,
529 1703 578 1770 Juff
580 1716 589 1755 3
604 1669 736 1758 Ρ3333333333

106 1788 225 1840 Maximus
241 1785 346 1853 nornine,
358 1780 416 1837 illud
429 1781 503 1854 figiHo
518 1781 633 1854 Imperiali
649 1786 736 1837 muniri

107 1864 167 1919 3333
176 1862 272 1937 aliquod
281 1876 382 1934 3333333333,
392 1882 448 1937 quo
456 1860 496 1916 fibi
512 1862 736 1933 sparruru'precaudi

107 1942 284 2009 concederetur,
294 1941 407 1995 asservari:
418 1961 466 2014 quo
481 1939 564 1994 333333)
576 1938 638 1993 333333
653 1961 735 2012 preces

87 2046 89 2048 ·
107 2039 186 2089 coram
193 2023 246 2074 Deo
252 2016 528 2087 Porrtifex,&soluriorris
535 2018 671 2074 sententiam
682 2039 736 2092 pro-

99 2102 236 2166 nuntiavit,
251 2111 320 2173 atque
339 2096 475 2168 confestim,
501 2118 531 2173 eo
546 2099 596 2171 ipso
611 2111 735 2154 momento
806 2094 809 2097 ’

108 2180 189 2236 multis
201 2181 331 2250 pnrpuratis
346 2180 457 2232 Turcicis
468 2177 626 2250 praesentibus,
641 2177 737 2231 cadauer

106 2263 132 2315 in
141 2276 192 2314 arca
203 2255 337 2312 dissolutum
353 2258 392 2325 333,
402 2270 464 2312 tauta
474 2257 589 2312 3333333333
603 2268 672 2329 atque
686 2260 737 2311 uio-

108 2339 179 2394 3333333
189 2351 215 2391 333
224 2330 320 2409 prepius
336 2335 476 2390 adstantibus
490 2331 573 2391 offlam
583 2338 685 2405 crepitus
697 2355 737 2391 333»

109 2419 202 2473 dicetur.
223 2415 329 2472 ¹Alterum
339 2414 370 2474 est
379 2418 404 2469 333
415 2432 500 2490 magno
514 2412 664 2486 Euchologio
675 2415 736 2470 Scla-

110 2499 198 2553 vouico
213 2496 278 2551 edico
292 2496 399 2568 Kijovia:
412 2513 482 2566 opera
493 2496 554 2547 Petri
569 2494 673 2566 anonym
683 2500 736 2550 Me-

110 2569 227 2649 3333333
237 2568 383 2645 Kijov'iensrs‘:
402 2574 467 2648 quod
477 2571 564 2628 33333333
575 2574 638 2628 idem
645 2579 738 2629 Metro-

111 2653 402 2732 politaVilnacumeffct,
414 2649 539 2727 aquodam
553 2654 670 2709 sacerdote
686 2674 738 2716 cer-

404 2737 429 2788 33
447 2750 464 2801 4
689 2737 739 2789 rior
