1641 3011
219 111 414 173 APOLOGIA
438 113 541 168 FIDEI.
658 134 687 187 25

45 241 51 243 ”
66 242 214 312 manitatem,
225 243 337 315 Spiritum
347 238 404 294 vero
416 256 427 294 a
437 238 498 294 Filio
511 239 637 295 secundum
647 243 689 294 Di-

53 360 55 364 .
67 324 201 391 visitarem,
223 326 254 376 ita
263 324 327 377 enim
338 317 442 393 plerique
452 320 573 375 aduersarii
582 320 642 375 hane
652 316 691 374 ve-

67 401 135 455 stram
144 399 315 473 respunfiunem'
325 401 452 471 excipiunt,
462 419 515 454 nam
524 411 551 453 ut
560 399 692 473 videsapud

68 477 233 549 Ambrosium,
269 473 326 552 (eui
339 490 363 532 et
380 477 462 553 reliqui
478 479 691 535 consonantPatres

69 556 109 614 hic
119 556 220 630 addurii
233 558 284 631 lege
293 556 393 628 singulos
406 561 431 612 irr
441 556 498 614 locis
512 563 599 634 citatis)
609 559 691 615 eadem

69 638 93 691 se
102 641 191 709 ratione
203 642 306 705 mittunt,
316 656 372 691 cum
382 637 405 690 se
414 643 606 709 mutuomitturrt,
620 638 691 693 Filius

69 715 93 769 δι
103 719 201 789 Spiritus
210 722 230 771 S.
240 716 364 791 uourquod
372 715 396 770 St
405 719 501 789 Spiritus
510 719 636 774 secuudum
647 716 692 771 hu-

69 801 209 851 manitatem
220 800 331 864 mittatur,
345 796 393 851 hoc
403 800 466 850 euim
477 801 528 870 quis
543 800 604 853 dicat
617 795 625 852 ἓ
654 796 693 852 sed

69 876 168 948 quod&
181 873 251 935 Filius
264 879 389 946 Spiritum,
401 889 426 929 et
439 879 536 949 Spiritus
551 876 634 931 Filium
644 894 694 932 nou

70 953 197 1009 secundum
203 957 366 1024 Diuiuitatem.¹
374 960 403 1008 Et
410 955 479 1009 Filius
491 956 586 1030 quidem
593 957 654 1009 mitti
660 956 694 1008 di-

66 1033 130 1087 vcitur
140 1047 167 1088 ut
176 1036 304 1088 incarnatus
314 1046 338 1087 et
347 1034 520 1102 redimeasnos
529 1038 626 1107 Spiritus
635 1052 693 1088 vero

71 1124 98 1164 ut
112 1111 172 1166 duaa
185 1112 223 1165 sua
233 1111 302 1167 nubis
312 1112 424 1181 tribuens,
439 1114 514 1187 quaeso
528 1127 606 1167 autem
617 1107 659 1166 ubi
668 1115 693 1165 irr

71 1192 186 1262 Scriptura
200 1190 258 1257 legis
273 1193 336 1242 mitti
351 1194 463 1262 Spiritum
477 1190 557 1245 aFilio
567 1189 694 1244 secundum

53 1322 54 1327 ,
72 1264 204 1322 Deitatem?
217 1261 696 1338 imodieitServatornoster(mittameum

72 1343 161 1417 vobis.)
195 1349 256 1398 Ecce
265 1341 333 1398 vobis
345 1344 368 1398 Se
379 1346 404 1399 in
414 1343 495 1401 futuro
505 1350 594 1400 mitrata
603 1359 696 1416 tempo-

72 1442 165 1478 raneam
179 1421 289 1493 significat
303 1425 441 1479 mifftouem.
477 1425 616 1497 Respondeo
626 1427 697 1495 igitur

73 1499 178 1556 diretiea
199 1502 308 1555 mittendi
327 1502 426 1559 verbum
442 1522 491 1580 quo
506 1504 570 1558 sensu
585 1502 625 1557 hic
638 1505 697 1558 acci-

73 1584 145 1655 pitur,
155 1583 266 1635 nimitum
276 1584 339 1636 mitti
349 1582 462 1654 Spiritum
473 1602 485 1638 a
494 1583 561 1652 titio,
570 1581 629 1635 nihil
634 1580 697 1636 aliud

74 1660 113 1730 est,
123 1658 163 1715 rrifi
172 1659 331 1717 consentiente
339 1661 465 1719 Filiodoua
475 1659 696 1729 tribuerefidelibus,

73 1757 123 1815 que
132 1740 208 1796 miffio
219 1740 251 1795 est
260 1759 320 1815 ppus
330 1741 359 1797 ari
368 1755 440 1812 extra,
445 1755 472 1797 ut
482 1741 608 1816 loquuntur
613 1739 698 1794 Theo-

65 1819 131 1890 iugi,
145 1816 257 1874 omuibus
272 1823 308 1875 SS.
318 1823 441 1892 Trinitatis
451 1823 555 1877 Personis
563 1832 697 1887 commune,

75 1898 228 1969 quomodo&
237 1897 286 1967 ipse
295 1899 317 1952 se
327 1901 402 1968 ipsura
412 1903 512 1970 mittere
522 1900 544 1951 St
553 1897 698 1950 daredicitur

76 1977 175 2047 Spiritus
191 1978 212 2028 S.
222 1974 287 2027 Idem
302 1975 334 2028 est
347 1974 370 2028 ἃ
382 1976 464 2030 Filium
475 1978 558 2029 mittia
570 1977 658 2046 Spiritu
668 1993 698 2028 ex

77 2051 189 2108 consensu
204 2065 253 2105 tam
262 2055 332 2106 Patris
342 2070 412 2127 quarn
423 2058 520 2125 Spiritus
530 2058 552 2107 S.
561 2070 654 2106 earnem
663 2052 699 2105 su-

77 2132 165 2203 scipere
175 2131 198 2185 St
207 2129 335 2204 humanum
343 2150 416 2202 genus
425 2132 546 2200 redimere,
556 2132 578 2186 St
587 2134 618 2185 ita
629 2129 700 2185 miffi-

73 2228 150 2275 *onem
168 2209 229 2264 harre
248 2207 376 2278 intelligere
395 2225 483 2281 cogunt
500 2208 611 2265 hatienus
631 2208 701 2278 uitta,

78 2286 144 2363 quod
156 2286 243 2340 scilicet
251 2287 320 2342 Filius
330 2290 435 2342 mittatur
446 2308 458 2345 a
467 2291 585 2362 Spiritus,
595 2288 626 2342 u
636 2287 702 2363 quod
745 2322 747 2324 -

79 2379 178 2440 uterque
191 2365 236 2418 sese
246 2380 330 2421 mutuo
340 2369 448 2437 mittunt,
462 2381 486 2421 et
495 2367 601 2422 mifftone
611 2380 703 2439 tempo·-

49 2466 51 2469 ’
78 2456 147 2501 tanea
157 2461 205 2499 uon
215 2445 345 2501 intrafuam
354 2443 656 2516 substantiameousrderata‚
665 2444 705 2500 sed

80 2521 159 2585 habita
172 2525 262 2582 ratione
271 2525 300 2582 ad
309 2523 420 2583 hominis.
460 2528 569 2604 Denique
582 2526 636 2584 audi
647 2529 703 2581 Am-

412 2609 430 2663 B
447 2622 466 2679 5
647 2601 703 2661 bru-
