1641 3011
180 134 389 211 xnaouoom
413 140 517 195 aruer.
633 144 668 198 61r
754 220 764 228 X

38 267 144 342 lippis&
165 268 307 325 tonsoribus.
342 265 508 326 Kuiatlrieuicz
525 278 605 322 tamen
628 271 663 321 le-

38 350 95 405 suita
104 347 214 419 Polonus,
229 351 253 404 in
263 348 421 405 additamento
430 348 586 404 Historiarum
595 349 665 402 Baro-

25 430 72 483 ¹nii
81 446 155 499 nuper
166 428 277 484 Polonice
285 447 297 482 a
306 427 329 480 se
340 427 420 496 edito,
446 428 474 482 ad
486 428 559 481 finem
569 429 665 499 Operis

38 506 160 582 postquam
169 511 268 564 narravit
279 505 376 562 eandem
386 508 449 562 istam
460 508 596 577 Historiam,
610 504 664 561 sub-

39 587 88 654 jicit
102 586 208 640 divinum
223 587 271 642 hoc
281 583 347 639 fuilie
357 586 510 656 miraculum,
528 586 605 658 &pro
624 584 665 639 tali

38 666 119 718 Roma
128 663 240 720 habiturn.
259 664 318 719 Vide
327 663 391 739 hinc,
402 682 451 739 qua
456 664 513 721 fides
526 663 553 721 fit
558 664 666 721 habenda

39 742 222 798 mirabilioribus
233 742 503 798 eorumuarratiunculis.
538 745 666 798 Nostraau-

40 833 89 892 tem
98 820 253 878 Ecclefianon
258 824 367 894 pauciora
377 840 429 877 vera
441 820 519 889 habet,
529 824 666 897 quaruLati-

39 919 125 955 norum
140 900 192 957 falsa
208 901 327 956 miraculae
378 900 559 956 Innumerabiles
570 919 611 973 per
620 919 668 955 ma-

39 998 109 1049 gnam
118 979 668 1053 &parvamRossiamvirosSinvitabrpollo·

41 1057 118 1112 bitum
133 1058 249 1113 miraculis
264 1056 367 1111 illustres.
402 1063 485 1132 Neque
494 1060 526 1112 est
536 1063 574 1112 cui
585 1057 669 1125 objici-

42 1154 72 1201 as,
88 1136 162 1192 nostra
172 1154 267 1212 quoque
277 1133 375 1191 contidla
387 1135 448 1205 effe
464 1137 489 1190 id
498 1139 561 1190 enim
570 1135 667 1209 probari

42 1214 129 1283 debet,
149 1215 348 1288 quemadmodum
365 1214 473 1268 miracula
488 1215 667 1283 Pontificiorum

42 1291 142 1364 plurima
152 1291 252 1346 falsitatis
262 1290 366 1345 facile'eli
376 1294 522 1346 convincere.
559 1296 669 1348 Praeterea

43 1390 92 1425 non
102 1372 141 1438 est,
152 1388 193 1424 cur
209 1373 319 1424 vanitates
331 1369 448 1423 eiusmodi
459 1368 609 1426 affedlemus?
626 1374 670 1426 La-

44 1452 88 1504 tini
96 1459 183 1518 autem,
192 1448 316 1522 prasertim
326 1446 448 1514 Memmi,
457 1447 588 1504 incredibili
600 1469 670 1505 arnu-

43 1528 131 1583 latione
142 1529 171 1583 de
180 1526 286 1582 laudibus
300 1526 342 1581 sua
353 1531 451 1601 quisque
465 1526 612 1600 profeffionis
622 1548 672 1583 cer-

46 1621 128 1675 tantes,
139 1619 255 1676 coguntur
264 1601 466 1661 iniseribffanclos
476 1607 499 1660 bc
508 1626 591 1661 eorum
602 1611 671 1662 mira·

46 1685 97 1739 cula
107 1686 202 1755 lingere,
213 1698 239 1737 ut
249 1683 367 1751 habeant,
384 1684 450 1758 quod
459 1683 551 1755 stupidae¹
562 1684 671 1754 plebecu-

45 1763 71 1816 la
81 1763 109 1818 ad
119 1763 271 1818 venerandam
280 1764 457 1817 admirationem
469 1763 594 1817 ostentent:
605 1763 672 1838 quod

45 1840 671 1914 ablicclefianollralongeabell,utplanumcuiqueest.

99 1924 138 1974 Xl.
161 1915 273 1974 Miracula
284 1938 333 1993 qua
347 1922 413 1973 Pater
427 1916 530 1972 Michael
545 1918 614 1975 vobis
628 1939 672 1976 no-

48 2002 182 2067 minaverat,
195 2001 315 2051 immerito
330 2016 342 2051 a
356 1995 425 2051 vobis
439 1995 593 2052 exfibilanrur.
630 2002 672 2054 Li-¹

48 2091 86 2133 cet
95 2079 272 2148 non'tantopere
282 2078 311 2129 iis
322 2075 454 2145 gloriamur
490 2079 552 2132 Cum
562 2076 673 2133 uthadle-

49 2177 93 2212 rrus
107 2160 197 2228 patuit,
215 2173 263 2210 non
277 2155 350 2208 deelle
361 2168 439 2221 notas,
450 2154 534 2229 quibus
549 2156 674 2212 Ecclefiam

49 2237 149 2291 nostram
159 2253 236 2290 veram
247 2232 289 2287 elle
298 2236 367 2287 etiam
376 2247 440 2287 extra
450 2232 500 2288 talia
507 2232 566 2304 ligna
575 2235 675 2292 demon-

50 2316 152 2370 stremus.
188 2316 246 2391 Qua
259 2311 364 2367 feruntur
377 2313 407 2366 de
416 2314 676 2387 igue'Hierol'olyrnita·

26 2406 28 2408 ’
49 2414 81 2449 no
94 2412 164 2466 penes
174 2396 307 2447 Narratores
317 2389 344 2445 fit
353 2390 417 2459 fides,
426 2395 478 2447 Leo
488 2404 565 2447 tamen
574 2393 675 2451 Allatius

48 2477 73 2527 irr
84 2472 164 2527 libello
174 2471 203 2524 dc
213 2466 365 2542 opinionibus
376 2473 510 2524 Graecorum
518 2471 614 2527 adducit
625 2474 678 2530 ido-2

50 2570 109 2606 neos
119 2556 220 2604 Autores
230 2592 244 2615 „
254 2551 332 2621 ignem
343 2546 409 2602 illum
421 2567 459 2617 eo,
473 2568 522 2625 quo
532 2544 675 2606 etiamnunc

50 2628 292 2700 ferturmoduantea
310 2627 405 2687 accendi
414 2628 510 2686 solitum
516 2627 675 2700 luillatellan-

640 2720 676 2765 les
