1641 3011
122 225 127 229 ,,
187 167 728 248 RELIQVIARVMKllOVlENSlVM.117

74 293 76 297 ⁴
93 306 151 349 eum
161 294 230 349 multi
241 294 265 349 id
275 293 383 349 scribant.
407 301 448 350 Ε(
459 298 511 350 Leo
526 293 625 350 Allatius
635 291 678 348 1313
687 294 727 367 rpli

74 374 172 429 uisum
200 373 245 428 3313
277 371 478 447 1331133313333
468 375 589 429 3“3113333
582 394 607 428 m
624 371 677 428 Lib.
697 374 726 427 de

96 451 252 535 opinionibus
262 458 407 518 Graecorum:
423 455 576 520 Controvert'
560 466 577 506 33
587 467 664 508 333333
674 464 726 523 pot

95 529 317 602 emandationis
321 532 404 587 illa't
370 552 394 587 m
395 535 489 607 tegritas
500 546 540 587 nat
542 550 586 587 orn
602 530 726 586 tribuenda

94 608 129 679 133,
146 610 264 686 adeoque
286 630 335 667 333
363 612 511 668 concedenda
532 610 727 669 orthodoxorum

94 693 155 746 Pont
157 690 237 744 ilicum
248 691 389 747 anathemati
395 693 543 766 ,divinaeque
558 704 642 764 potent
644 695 669 743 iar
685 709 725 742 333-
762 747 764 750 .

95 769 249 825 traordinariar
258 768 379 841 operanti?
398 775 447 825 Gor
457 773 628 825 >Dominicanus
639 766 726 824 doilis-

94 846 165 903 fimus
180 848 322 920 Evchologii
337 849 409 904 nollri
420 849 552 905 orthodoxi
561 852 683 919 interpres,
694 859 727 902 at-

95 945 142 1000 que
153 927 289 998 explanator
299 928 374 981 credit
389 927 438 983 hoc
455 928 478 982 dt
494 931 603 995 miratur,
630 927 727 981 Pontifi-

63 1008 65 1010 ’
95 1023 198 1079 cumque
210 1006 349 1078 potestatem
364 1006 464 1078 suspicit,
502 1009 617 1063 Martinus
633 1003 725 1060 Crufius

95 1081 238 1174 Theologus
252 1083 399 1140 Lutheranus
409 1090 434 1139 Τ
436 1084 476 1139 ubr
471 1083 573 1154 3333113,
582 1097 622 1139 333
623 1103 651 1139 or
613 1089 724 1137 tTur-

96 1165 216 1232 engucia,
225 1162 250 1216 irl
260 1163 336 1235 ipsum
343 1161 379 1217 vel
388 1163 459 1217 alium
469 1162 609 1230 referentem
616 1160 725 1218 addt'ti
662 1175 721 1216 uert

8 1276 11 1282 ·
95 1238 189 1315 (331(1133
198 1242 285 1313 tamen,
293 1256 333 1296 aut
343 1262 384 1315 qur
378 1243 440 1310 liat
450 1241 580 1297 diffitnulat
618 1247 670 1295 Leo
686 1239 736 1296 hl-,

25 1364 28 1372 ,
96 1318 165 1373 133133
181 1322 272 1372 Graecus
283 1319 331 1390 ipse
347 1286 463 1384 Chienlls,
478 1321 518 1373 sed
532 1322 639 1373 Graecis
633 1322 727 1392 miquus

96 1394 214 1466 transfuga
229 1397 258 1455 ad
268 1400 365 1452 Latinos
374 1395 449 1450 fadlus
458 1416 542 1466 negare
550 1398 646 1451 ‘videtur
656 1397 679 1450 dr
690 1415 728 1450 na-

97 1488 152 1530 tura
168 1473 279 1544 tribuere,
294 1479 319 1530 in
336 1487 470 1531 memorato
488 1475 549 1531 libro
563 1476 592 1531 de
607 1477 727 1547 opinioni

97 1552 142 1608 bus
154 1559 293 1609 Graecorum.
305 1555 379 1631 and
390 1557 439 1622 ejus
452 1553 600 1625 opuseulum,
616 1553 727 1609 hadma-

88 1651 144 1704 nus
154 1633 215 1702 esset,
225 1631 321 1689 solidius
331 1631 394 1690 13333
403 1632 577 1690 confutaremus
587 1637 727 1706 opinionem

59 1731 74 1776 χ
97 1711 167 1766 illius.
184 1715 306 1790 (hiantum
316 1726 394 1767 tamen
409 1716 515 1779 memini,
531 1712 580 1766 duo
596 1715 620 1765 in
636 1725 728 1766 contra-

95 1794 161 1845 rium
171 1793 250 1860 offert,
259 1794 337 1863 primo
353 1805 516 1863 argumentum
531 1791 650 1860 eujusdam
661 1790 735 1844 auto?

97 1873 129 1923 ris
144 1872 218 1924 Graeci
232 1869 389 1940 latinianum,
413 1873 454 1945 qui
465 1869 561 1925 'cadaver‘
576 1871 729 1941 Imperatoris

98 1947 232 2017 Michaelis,
243 1947 284 2002 3113
295 1969 333 2004 333
343 1948 401 2004 fallit
411 1953 533 2017 nieutona,
538 1947 664 2019 Palnologi
678 1948 730 2020 poll

100 2038 204 2080 mortem
232 2044 280 2079 333
295 2026 429 2081 diffoluttnn
446 2026 574 2081 defendens
587 2027 649 2096 (erat
664 2030 729 2080 enim

92 2109 228 2176 ,1333333333
237 2101 276 2157 ille
291 2104 376 2158 vesanae
391 2123 446 2160 cum
459 2106 549 2161 Latinis
564 2108 658 2176 unionis
674 2122 728 2176 pro-

94 2179 190 2251 motor,
198 2181 343 2257 crudelisque
355 2176 549 2250 'orthodoxorum
566 2186 729 2257 persequutor:

98 2261 287 2337 arguebaturque
306 2264 356 2334 poll
377 2261 472 2319 obitum
485 2264 518 2320 ob
533 2262 622 2318 fulmen
636 2261 731 2317 anathe-

28 2411 30 2415 4
99 2340 170 2396 'matis
179 2360 229 2397 non
238 2339 369 2412 corrumpi)
379 2343 529 2414 reprehendit
542 2346 647 2410 Grecos,
665 2341 731 2416 quod

88 2419 191 2475 ‘²²'eodern
202 2418 266 2490 signo
276 2418 397 2476 13311331(
411 2421 531 2477 damnatos
546 2419 678 2494 inhgniant:
702 2437 732 2473 en

104 2500 235 2567 integritate
245 2504 308 2554 33133
324 2499 438 2554 cadaveris
452 2515 564 2573 utrosque
579 2500 732 2575 cognoscunt,

104 2577 169 2692 quod
177 2575 246 2650 plane
257 2577 381 2639 absurdum
393 2591 468 2634 vocat
504 2580 623 2637 Secundo:
642 2580 733 2710 lpl'a
679 2598 691 2631 e
701 2580 732 2631 air
