1641 3011
123 144 165 205 ·3o'
215 123 379 188 THEOP'H.
404 128 682 187 PROKOPOWICZ

131 258 242 326 ratione,
258 273 301 310 eur
312 272 370 326 ergo
379 252 459 310 nullus
469 271 553 310 eorum
563 256 596 309 ita
605 251 758 327 philosopha?

130 348 171 390 tus
180 331 224 389 eli?
241 336 290 389 Cur
301 333 429 390 substantio
439 337 553 389 unitatem
563 331 612 401 olii,
623 332 758 409 tliitempo-

132 428 227 468 romeam
242 412 378 486 militonem
390 411 660 489 prorutiuneoff'etunt,
679 411 758 468 nullus

132 492 325 564 processionem?
353 508 399 547 aut·
410 494 464 548 date
476 490 579 564 uliquem
595 508 626 551 eir
641 495 758 565 antiquis,

132 572 175 645 qui
194 571 225 624 ita
237 570 442 645 quemadmodum
452 588 495 626 vos
505 563 580 625 modo
593 567 662 624 verba
674 567 713 624 illo
727 574 759 624 A·

132 648 219 721 postoli
229 664 341 721 exponat.
379 648 479 729 Qiodlr
490 648 547 705 ellet
557 652 627 703 etiam
638 666 709 717 unus,
719 660 761 702 tut

132 729 209 796 ulter,
226 731 295 782 cuius
310 726 385 783 verbo
398 729 505 783 flendum
520 727 638 796 judicatis,
654 728 760 781 duorum

133 810 250 876 triumve,
264 820 305 861 aut
320 825 378 861 vero
392 804 573 879 plurimorum?
594 807 675 883 Quid,
694 804 761 878 quod
816 820 818 827 ‘¹

134 903 165 940 ue
175 887 273 939 unicum
286 885 385 960 quidem
397 884 536 959 reperietis?
554 882 611 939 licet
619 897 699 939 ¹autem
711 899 761 937 nou

134 963 278 1033 inficiamur,
290 970 368 1019 Patres
383 968 453 1020 etiam
468 964 637 1037 SSplerosque
647 976 674 1017 ut
683 961 761 1023 homi·

133 1059 176 1095 nes
186 1045 212 1094 in
221 1042 339 1115 aliquibus
352 1041 482 1114 cespititio:
496 1040 632 1097 tetamento
644 1041 724 1116 aliquo
734 1057 762 1094 o·

132 1137 201 1175 mnes
211 1119 375 1189 coutentium,
391 1120 415 1173 dr
426 1121 561 1191 presertim,
578 1118 685 1173 fiuullus
695 1118 762 1173 aliter

132 1199 219 1253 sentire
230 1199 423 1271 deprehenditur‚
434 1201 486 1272 quis
498 1197 582 1272 quaes0‚
597 1196 675 1269 sapere
686 1197 715 1250 ud
725 1193 773 1252 lo?

134 1276 347 1345 brietetem,dieet‚
357 1280 399 1351 qui
406 1277 470 1331 idem
481 1295 537 1330 cum
547 1275 684 1348 ipfissupere
691 1274 761 1331 nolu·

134 1352 193 1411 erit?
210 1355 233 1409 tir
243 1355 291 1410 haec
300 1356 348 1410 duo
358 1358 410 1409 sunt
419 1355 607 1428 precipuuvellru
617 1353 763 1426 argumento:

135 1455 186 1511 que
195 1454 251 1489 cum
260 1434 347 1490 trullum
354 1433 494 1489 vimhubere
504 1433 659 1503 ostenduntur,
668 1431 762 1505 nonest,

136 1533 179 1569 cur
190 1513 232 1579 ulis
239 1526 380 1580 metuamus.
417 1515 441 1566 Si
453 1510 516 1572 forte
525 1512 613 1567 dixeris
623 1517 643 1566 S.
653 1516 765 1585 spirtus,

135 1592 151 1649 si
161 1591 193 1648 ob
200 1595 312 1646 unitatem
323 1591 426 1660 effertis,
435 1589 583 1664 quumhubet
592 1610 647 1646 cum
657 1592 723 1661 Filio,
729 1593 763 1647 di-

135 1673 197 1725 citur
212 1688 224 1724 u
238 1667 343 1725 Patribus
352 1672 449 1742 Spiritus
463 1668 522 1738 Filii,
531 1688 573 1723 eur
582 1668 652 1726 Filius
666 1689 762 1745 quoque

134 1768 185 1805 nou
195 1750 285 1803 dicetur
294 1748 364 1802 Filius
378 1750 476 1819 Spiritus
485 1752 505 1801 S.
515 1745 548 1802 ob
559 1749 656 1802 eandem
665 1748 763 1802 ellerrtiae

136 1830 256 1883 unitatem.
288 1825 430 1899 Respondeo
442 1827 516 1901 prium
535 1843 590 1880 eum
606 1823 762 1899 simplicitate:

136 1906 194 1981 quid
204 1906 232 1961 od
241 1923 288 1974 me,
298 1923 344 1976 ego
354 1905 447 1965 nescim
462 1906 579 1975 interrogo
589 1908 673 1971 Patres⁹
683 1905 706 1960 dt
717 1908 762 1961 mi-

135 2003 187 2041 rote
201 2004 255 2056 eoo,
271 1987 307 2040 itu
325 1981 453 2056 exposuisse
475 1980 545 2038 verbo
560 1983 640 2054 Pauli,v
651 1987 684 2040 ita
698 1987 763 2040 euim

136 2065 277 2137 exposuere:
294 2066 377 2117 mirare
383 2061 544 2132 itemmullum
554 2062 619 2118 aliter
626 2064 762 2136 exposuiffe,

134 2140 477 2214 nullusenimuliterexposuit.
494 2142 560 2214 Resp.
560 2139 669 2213 secrurdo:
678 2141 762 2199 Filium

136 2240 233 2298 quoque
248 2219 320 2293 polle
330 2219 377 2273 dici
402 2220 425 2275 dt
439 2219 482 2276 elle
491 2223 614 2292 proprium
630 2223 726 2294 Spiritus
741 2225 762 2276 S.

136 2300 169 2356 ob
183 2297 269 2356 didam
284 2297 406 2366 rationem,
419 2300 516 2355 sednon
526 2296 666 2355 deberedici
676 2300 762 2356 lilium

136 2382 233 2453 Spiritus
247 2384 268 2440 S.
287 2398 340 2435 nom
350 2398 403 2435 cum
410 2380 502 2437 'nomen
512 2378 574 2445 Filii,
590 2378 616 2436 fit
627 2398 715 2435 nonren
725 2398 762 2433 re·
771 2452 772 2455 Ἴ
781 2386 788 2399 ”

134 2457 246 2525 leovum,
259 2460 366 2534 adeoque
381 2478 429 2515 non
444 2457 591 2514 substantiam
601 2472 704 2515 tontum,
723 2458 762 2512 sed

134 2535 328 2614 personalitatem,
340 2540 437 2617 eiusque
446 2538 584 2598 relationem
593 2536 763 2598 rdPotremde·

689 2627 764 2688 notat,
