1641 3011
119 79 139 126 2·
171 65 663 135 ‘Tusurnmonorourcz

120 194 187 249 omni
197 192 301 264 poscenti
311 209 355 245 nos
364 193 480 252 rationem
490 189 519 245 de
529 209 563 258 ea,
573 210 632 266 quae
642 196 666 264 in
675 194 745 252 nobis
806 255 808 265 χ

120 273 153 327 est
163 273 208 342 spe
244 275 273 325 Et
285 288 330 341 ego
344 270 440 344 quidem
455 270 530 325 literas
540 267 592 325 ilias
607 285 654 328 ate
663 274 690 328 ad
704 293 746 329 eos

120 349 194 406 mittas
209 365 257 402 non
268 348 328 418 vidi,
342 360 369 403 ut
384 350 457 420 nosti,
471 351 518 405 scio
528 361 607 404 tamen
619 368 649 405 ex
659 351 746 416 doctri,-

120 447 149 484 na
158 429 256 482 Domini
273 428 344 483 nostri
359 446 390 482 ex
404 427 541 484 abundantia
552 427 630 483 cordis
638 428 747 484 locutum

120 506 165 562 effe
175 525 202 561 os
212 516 292 575 tuum,
309 506 332 560 (ir
346 505 437 563 bonum
446 508 569 564 hominem
579 506 607 561 de
619 505 686 563 bono
696 507 747 562 the-

120 587 187 662 sauro
201 603 250 641 non
264 583 305 641 nifi
314 584 376 642 bona
386 587 504 659 pratuliffe
514 587 580 655 dico,
595 586 660 659 quod
670 594 700 640 ex
711 605 747 639 re-

120 660 205 737 sponso
220 662 371 720 scribentium
385 666 414 720 ad
428 679 453 719 tc
466 665 591 720 hominum
600 667 671 719 etiam
679 662 749 719 facile

123 743 154 797 est
170 741 286 816 colligere.
331 748 385 822 Qua
401 758 496 818 propter
511 742 570 799 nihil
583 742 703 815 ambigens
719 743 749 797 de

124 824 190 878 sensu
199 822 319 878 literarum
330 838 435 894 tuarum,
452 822 586 899 tanquamfi
597 825 686 895 ipseeas
696 823 750 877 icri-
816 844 818 847 ·

122 899 223 974 pfiffem,
237 905 269 955 ita
283 921 328 974 pro
344 905 379 958 cis
393 902 554 975 respondebo·
582 905 612 956 Et
628 900 688 977 quast
702 921 751 955 me-

122 999 179 1033 cum
192 980 270 1034 sermo
283 982 338 1033 Dni.
353 980 482 1044 Lutherani
498 981 568 1046 esset,
586 983 616 1034 ita
634 1000 688 1035 cum
699 977 752 1051 ipfis

122 1056 212 1130 loquar,
226 1059 351 1127 vosigitur
363 1059 507 1131 quicumque
518 1059 578 1126 estis,
589 1054 630 1132 qui
640 1058 688 1112 hoc
699 1059 752 1111 scri-

123 1134 179 1190 bitis
189 1136 234 1189 viri
244 1136 343 1206 optimi,
362 1153 392 1187 ne
403 1152 461 1204 agre
470 1133 548 1189 feratis
557 1154 602 1206 pro
612 1137 685 1189 uestra
695 1137 753 1207 sapi·

125 1215 188 1268 entia
199 1231 254 1266 eum
265 1210 496 1284 nonsummum,
514 1231 586 1287 quem
595 1212 753 1285 noncumpel-
780 1241 784 1250 ·

125 1291 186 1354 lastis
201 1291 224 1343 <ir
238 1308 268 1344 ne
283 1290 354 1345 nostis
368 1290 470 1364 quidem.
506 1294 574 1345 Scitis
589 1294 652 1345 enirn
667 1295 692 1344 in
707 1291 754 1345 fide

127 1368 213 1425 Christi
224 1371 332 1424 omnium
343 1387 384 1423 cor
394 1388 467 1424 vnum
477 1368 562 1425 debere
572 1370 615 1429 effe
625 1370 754 1425 &animam

126 1466 211 1516 unam,
224 1465 250 1501 ae
266 1447 365 1518 proinde
376 1445 392 1501 fi
403 1448 431 1502 ad
441 1466 515 1501 unum
525 1450 660 1523 quempiam
670 1468 755 1504 eorum

126 1526 244 1601 loquaris,
270 1524 374 1599 loqueris
392 1526 421 1580 ad
436 1545 535 1598 umnec,
561 1524 753 1598 &sainterroges

127 1623 223 1673 omnm,
240 1606 367 1674 interrogas
377 1601 490 1675 singulos,
508 1604 569 1659 unde
582 1602 754 1661 tametfiabalio

127 1682 197 1738 vobis
207 1681 340 1754 responderi
345 1681 437 1751 videtis,
447 1702 516 1757 quam
522 1683 550 1738 ad
555 1703 627 1757 quem
633 1682 755 1756 scripfistis‚

130 1759 159 1815 ab
169 1780 218 1816 uno
233 1772 312 1815 tamen
325 1765 413 1833 putetis
424 1761 564 1833 responderi.
600 1763 673 1838 Quod
684 1760 700 1816 fi
710 1765 756 1837 pri·
781 1787 784 1790 ·

130 1842 204 1893 vatim
221 1838 249 1892 de
264 1858 303 1894 me
312 1840 368 1914 quid
378 1839 482 1895 hominis
491 1839 532 1895 fim
540 1841 681 1910 cognoscere
691 1844 756 1912 cupi-

130 1920 169 1986 tis,
179 1917 262 1970 scitotc
272 1936 311 1970 me
319 1922 427 1972 omrrium
437 1922 540 1973 veritatis
549 1919 705 1972 studiosorum
712 1918 756 1972 effe

131 1991 316 2060 cunfflffimum,
335 2014 378 2049 nec
393 2009 420 2049 ut
431 2007 507 2050 amem
517 1996 618 2069 aliquem
629 1994 706 2065 talem,
717 1994 758 2051 ha-

131 2071 186 2129 beo.
222 2071 308 2128 Habeo
324 2075 391 2146 opus,
400 2075 506 2146 utipsum
515 2075 622 2141 videam,
638 2074 690 2127 satis
700 2073 757 2130 estsr

134 2152 225 2206 audiam
234 2152 323 2208 studere
332 2172 387 2208 eum
396 2156 493 2209 veritati.
530 2152 758 2227 Qromodonuncin

135 2248 179 2283 vos
189 2248 231 2282 me
240 2229 354 2286 affecium
368 2232 450 2286 sentio,
491 2234 554 2284 Cum
569 2232 631 2283 enim
646 2233 758 2303 scriptum

135 2306 237 2361 vestrum
251 2328 299 2382 quo
312 2313 338 2365 R.
348 2313 374 2364 R.
384 2313 456 2367 Patris
466 2306 589 2363 Michaelis
598 2307 669 2365 literis
680 2311 759 2365 rescri-

136 2384 192 2440 bere
207 2403 256 2439 non
270 2391 355 2456 gravati
372 2389 437 2454 estis,
453 2385 502 2438 vidi
514 2386 538 2438 <ir
546 2386 758 2458 perleginoncon-

136 2465 249 2538 tentionis
258 2467 349 2538 animo,
359 2466 399 2520 sed
407 2461 483 2521 studio
494 2467 595 2522 veritatis
606 2466 631 2520 id
640 2485 683 2522 vos
691 2464 759 2534 fecis·

736 2545 761 2599 se
