1641 3011
150 135 198 227 170‘
274 147 448 209 matram
469 151 671 211 ausaausm

151 295 235 336 omnes
246 280 300 338 istos
310 295 397 336 errores
411 278 505 352 populis
517 278 682 354 persuadeant
696 280 774 336 dicen·

152 373 188 416 tes
198 360 319 416 Eccledanr
328 358 426 413 esset
381 371 426 412 caet
427 378 468 414 um
478 360 586 422 fidelium
588 353 773 415 Christianorum

150 441 187 494 int
188 459 213 494 er
178 441 304 493 ttse
254 443 293 494 uni
295 452 373 493 torum
382 435 424 491 sub
436 457 486 495 uno
495 440 602 512 supremo
611 441 715 510 pastore,
730 439 772 493 sam

151 516 231 573 sanda
244 522 282 573 Pat
273 531 307 570 tre
317 521 384 587 Papa,
391 520 488 574 Vicario
503 518 551 573 Iesu
566 516 674 572 Chrissi'
667 538 693 572 un
707 532 772 573 terra.
804 527 805 530 ’

150 598 223 688 Quad
233 614 262 649 ne
272 591 369 670 quidem
378 594 462 667 probat
464 617 511 670 um,
521 597 558 651 sed
570 597 592 651 br
602 600 702 652 omnino
717 616 773 652 can·

149 679 246 729 trariunr
257 677 288 728 esi
298 673 380 728 uerbo
387 675 483 731 Divino.
505 643 571 731 ³alno
586 673 675 730 sandius
690 677 773 730 Paulus

148 753 275 826 Apostolus
290 751 385 809 candias
399 753 473 824 dignit
463 769 522 812 tates
540 754 699 810 Ecclesrasticas
718 774 774 809 enu-

148 838 341 904 rneram,Papam
352 833 495 904 &papatum
507 833 608 902 exclusit,
627 830 689 887 nulla
699 832 728 885 de
743 832 774 888 al-

149 923 241 966 terutro
257 925 323 965 ment
325 913 380 964 ione
396 910 483 967 sadda.
519 910 666 967 Consideravi
679 930 775 985 quoque

149 990 247 1044 eandem
256 986 633 1079 Ecclesiampurgatoriumadmitt
624 1005 684 1044 t2ere
694 1006 774 1064 quarn-

148 1071 184 1121 uis
193 1066 283 1122 nullum
293 1069 424 1121 onrninoin
436 1072 510 1138 script
511 1085 553 1121 ura
561 1072 626 1121 Sacra
637 1072 773 1140 reperiatur,

148 1165 208 1220 quae
235 1159 315 1201 contra
335 1145 432 1200 affirmat
450 1146 525 1218 ipsum
540 1145 625 1200 Christi
638 1147 774 1216 sanguinem

148 1228 235 1280 animas
251 1225 336 1281 nostras
351 1222 380 1278 ab
399 1227 470 1281 omni
483 1237 580 1298 peccato
594 1231 696 1297 purgare
704 1237 774 1299 atque

149 1299 268 1357 ablueres
304 1302 350 1357 Cui
360 1302 476 1363 assentitur
489 1302 578 1358 sandius
592 1305 732 1375 Augustinus
748 1306 774 1357 in

148 1381 193 1436 suo
208 1382 315 1435 sermone
328 1380 358 1433 de
382 1384 520 1448 eternitate,
546 1381 637 1437 dicens:
658 1382 706 1435 dua
722 1380 774 1436 loca

148 1460 202 1532 post
216 1459 277 1514 hanc
290 1461 362 1513 vitam
378 1459 532 1529 agnoscimus,
548 1463 572 1512 in
589 1458 674 1532 quibus
693 1463 775 1528 animae

148 1536 220 1592 beata
228 1537 292 1605 sunt,
308 1536 345 1589 vel
358 1540 490 1607 patiuntur,
504 1536 543 1589 sed
559 1536 651 1591 nullum
666 1539 772 1591 tertium:

146 1619 259 1671 nimirum
270 1614 400 1668 Paradisum
412 1615 435 1668 ἃ
449 1613 575 1668 infernum.
611 1615 773 1670 Animadverti

145 1696 218 1749 etiam
228 1699 402 1763 Sacramentum
412 1692 557 1748 Eucharistiae
567 1696 591 1747 in
603 1711 629 1747 ea
642 1692 771 1749 infantibus

146 1777 245 1828 minime
256 1773 406 1827 administrari
421 1773 528 1827 adversus
544 1793 570 1827 ea
585 1777 706 1845 Scriptura
721 1792 773 1827 ver-

147 1850 187 1905 ba:
203 1850 244 1906 nisi
255 1852 450 1907 manducaveritis
461 1870 553 1918 carnem
563 1850 614 1906 Filii
623 1852 771 1918 Humida&

147 1928 253 1983 biberitis
263 1933 312 1996 ejas
322 1933 468 2000 Sanguinem,
478 1929 654 1997 nonhabebitis
665 1935 736 1985 vitam
747 1934 771 1984 in

147 2006 227 2063 vobis:
248 2005 367 2075 licetiiios
382 2006 500 2080 baptizent
513 2022 610 2081 propter
624 2009 672 2063 hac
687 2006 768 2062 verba:

145 2086 187 2143 nisa
196 2089 249 2160 quis
260 2099 352 2139 renatus
362 2084 432 2140 suerit
443 2106 473 2140 ex
483 2105 539 2160 aqua
550 2087 572 2140 Sa
583 2088 670 2158 Spiritu
679 2085 771 2155 sanda,
802 2128 804 2130 -

145 2186 194 2221 non
204 2166 281 2237 potest
290 2167 387 2217 introire
397 2167 420 2216 ia
430 2183 528 2234 regnum
541 2164 654 2218 caelorum
662 2175 681 2218 g.
698 2169 773 2218 Tam-¹
815 2167 816 2170 ’

147 2243 186 2298 etsi
196 2264 244 2299 non
255 2243 286 2298 est
295 2245 376 2316 potior
386 2245 445 2297 ratio
457 2243 485 2296 de
499 2262 548 2296 uno
563 2262 633 2334 quarn
647 2244 676 2298 dc
690 2243 770 2310 alteru,

147 2322 184 2375 his
195 2321 282 2377 duabus
293 2320 468 2378 elocutionibus
484 2322 619 2377 eandem
596 2342 645 2377 vrnr
659 2326 770 2397 utrinque

147 2398 300 2457 habentibus.
329 2399 423 2479 Qubus
438 2399 491 2456 addi
504 2402 587 2474 potest,
605 2403 751 2475 meipsum
745 2421 770 2455 m

691 2481 770 2535 Histo-

170 2549 399 2602 εὶΕρὴεΐεΜνιιοι,
411 2556 567 2599 1Cnr·..,8.cravr

168 2605 188 2653 f)
201 2601 343 2649 Hebraepura.
354 2605 486 2653 Habinna-up
498 2606 615 2651 Tincam.

168 2659 189 2708 g)
200 2657 249 2696 suaa.
255 2654 271 2692 6.
280 2666 297 2691 v.
303 2664 324 2699 53.
335 2654 382 2692 toan.
387 2668 401 2692 c.
406 2669 419 2701 3·
426 2669 444 2693 v.
448 2669 463 2699 ς.
