1641 3011
160 188 377 266 nuunmruu
394 168 612 249 nraurusnu.
664 207 700 261 nr

69 331 98 392 ¹ea
123 315 258 389 tempestate
275 312 374 392 quilibet
389 314 540 371 orthodoxus
558 317 699 380 Latinorum
756 356 758 360 Α

54 455 56 460 Α
71 394 199 451 sciolorum
213 413 303 451 nouum
318 398 440 450 inventurn
457 394 481 449 dr
497 393 593 450 schisma
613 393 700 449 sciebat

45 476 96 546 g&
111 472 267 531 execrabatur.
304 475 331 530 sd
357 471 427 530 eriam
454 474 495 529 bic
510 473 642 530 addendum
657 475 701 529 esi:
772 471 774 475 ’

72 557 134 608 circa
143 553 181 609 illa
191 568 297 628 tempora
306 553 387 614 vixisse
395 558 475 611 Romae
485 553 595 626 pessimos
605 553 701 610 Pontifi-

72 652 120 703 ces
130 635 237 702 monstra,
246 633 332 689 resisus
344 633 443 703 dixeris,
459 631 615 704 spurciffimai,
629 651 702 708 quarn
729 645 732 657 ²

73 711 203 775 hominess
214 716 324 768 nimirum
336 710 392 768 tales
403 711 500 768 decebat
513 712 629 768 esse-novi
644 712 702 783 dog·

58 805 60 807 ’
73 794 142 846 matis
150 790 296 846 fundatores:
315 811 346 846 eo
361 795 425 845 enim
441 790 542 860 Saeculo,
560 804 585 845 ut
598 791 702 865 reliquos

73 883 182 940 taceam,
209 868 302 943 furebat
320 869 494 924 illa-teterrima
512 867 590 924 bellua
610 873 703 940 Sergius

72 952 166 1017 tertius,
176 953 218 1022 qui
228 968 277 1023 quar
287 947 376 1017 lecerit,
389 948 501 1004 Platinarn
512 949 631 1004 audiamus
640 952 664 1003 in
670 952 704 1003 ui-

75 1040 98 1081 ta
113 1031 186 1097 Sergii
196 1032 231 1081 ill.
251 1047 301 1100 pag.
316 1047 367 1100 140.
387 1027 520 1105 (Porinos,
543 1031 636 1104 inquit,
653 1026 703 1084 adu

75 1105 137 1174 (erat
147 1108 270 1161 Formosus
277 1113 334 1178 Papa
343 1110 464 1178 mortuus)
475 1111 506 1159 ita
514 1107 665 1178 improbavit,
676 1121 703 1160 ut

76 1185 155 1238 denuo
170 1185 199 1239 ad
212 1186 287 1240 sacros
303 1186 396 1240 ordines
419 1202 461 1240 eos
478 1185 600 1239 admittere
614 1184 704 1240 necesse

75 1261 158 1331 fuerit,
173 1282 234 1337 quos
243 1265 368 1324 Formosus
382 1276 447 1317 antea
466 1263 601 1318 sacerdotali
620 1266 704 1318 ordine

76 1342 328 1412 indignoscensrrerat3
346 1358 422 1413 neque
432 1340 594 1415 hancquidem
604 1344 706 1412 ignomi-
770 1343 775 1347 ”

77 1424 139 1495 niam
152 1433 248 1476 mortuo
262 1418 361 1473 intulisse
373 1433 506 1487 comentur,
522 1422 571 1488 ejus
586 1420 707 1475 cadauere

78 1499 203 1572 sepulchro
209 1496 308 1577 turdum
318 1496 410 1572 capitali
421 1497 543 1572 supplicio,
549 1519 576 1553 ac
585 1498 707 1570 srviveret,

79 1580 408 1653 afficit,c0rpusqueipsuurin
417 1574 532 1648 Tyberim
539 1581 649 1650 projecit,
658 1593 707 1633 tan-

79 1676 150 1732 quam
165 1657 280 1730 sepultura
297 1657 320 1711 dr
335 1656 427 1712 honore
443 1655 548 1711 humano
563 1654 706 1733 indignum.)

79 1739 192 1810 Idemque
203 1736 280 1790 eidem
294 1737 407 1792 Formoso
422 1735 494 1807 paulo
510 1748 562 1789 ante
576 1735 707 1806 Stephanus

79 1819 163 1884 Sextus
177 1813 246 1883 fecit,
261 1812 302 1868 nisr
315 1815 380 1888 quod
396 1813 482 1885 digitos
498 1826 589 1868 tantum
603 1813 709 1869 cadaveri

80 1895 131 1960 ejus
155 1892 262 1960 abscidit,
292 1896 363 1965 capiti
390 1896 511 1966 pepercit:
538 1890 598 1967 quast
625 1896 708 1964 proui-

81 1971 147 2024 diffet
157 1975 263 2043 egregius
278 1970 393 2041 Propheta
407 1972 463 2043 quid
478 1968 581 2025 saslurus
596 1986 645 2025 erat
660 1976 710 2025 Ser-

82 2053 134 2119 gius
143 2084 152 2118 ,
176 2052 244 2122 eique
259 2061 369 2121 tanquam
384 2052 492 2120 peritiori
506 2050 609 2104 carnifici
623 2048 709 2123 suppli·

83 2131 147 2183 cium
158 2126 215 2182 illud
225 2126 355 2182 reservavit.
390 2130 447 2182 Haec
457 2129 570 2183 autern&
585 2127 636 2184 talia
650 2148 710 2201 quo-

83 2207 159 2261 modo
174 2205 244 2261 latere
259 2217 378 2277 poterant,
405 2225 449 2260 nec
464 2208 598 2261 universum
625 2205 730 2260 orbern*

8 2340 10 2342 ,
84 2285 206 2340 horrendo
236 2285 315 2339 auditu
342 2283 484 2356 pervadere?
502 2281 626 2353 coujunda
652 2304 711 2341 vero
785 2320 791 2333 ,

85 2384 140 2419 curn
150 2383 216 2420 novo
227 2364 359 2431 schismate,
380 2365 505 2437 quomoda
520 2357 568 2417 ndu
583 2364 713 2419 execranda

86 2461 152 2497 novae
165 2443 290 2513 prasertim
304 2440 330 2497 in
338 2442 412 2496 Russra
424 2442 603 2498 Christianitatis
614 2440 712 2498 fucrant.

88 2525 151 2576 Cum
162 2540 227 2592 erge,
237 2536 264 2576 ut
274 2527 314 2595 pie
327 2520 421 2575 credere
430 2520 463 2575 sas
475 2523 513 2591 eli,
529 2525 553 2576 in
565 2541 659 2594 pernam
671 2541 713 2576 nou

87 2619 122 2657 νε
132 2598 242 2658 desirina
256 2615 305 2658 tarn
320 2613 407 2656 tetrum
424 2600 523 2668 satanam
538 2598 650 2658 sertorem
667 2605 715 2653 Ra

144 2700 146 2703 ·
386 2682 411 2737 H
428 2695 443 2735 2
650 2680 714 2736 anani
