1641 3011
14 251 15 254 κ
103 226 107 229 ·
151 221 259 277 nunna
276 215 482 287 runnnnrmcr
497 218 606 275 nrcrn.
656 238 694 295 141

71 348 167 404 enimin
178 349 265 427 Regem
276 345 356 404 Bafilio
372 346 499 413 Schuichio
513 344 695 420 persuasionem

72 430 151 501 potius
162 426 245 483 conclu
260 430 371 498 effecere,
384 443 411 482 ut
424 438 472 485 non
487 428 549 483 solus
563 426 603 482 ille
616 444 696 482 rerum

72 508 167 562 l'ummae
181 507 291 580 partlm,
318 508 357 562 secl
369 511 456 579 partito
471 518 526 562 cum
542 504 696 579 optimatibus

72 588 180 658 imperio.
206 589 268 643 Proh
278 586 506 662 quantaambitionis
516 586 614 641 caecitas!
631 584 698 662 Quid

73 684 131 720 vero
147 668 316 741 consequutum
332 663 381 719 cll?
396 670 494 722 Venerat
507 666 546 721 ille
562 665 696 720 dimidiatus

74 746 182 817 Princeps
191 749 215 800 in
225 745 349 817 templum,
359 744 382 799 ἃ
391 763 445 800 cum
454 745 483 800 ad
493 744 608 818 populum
625 744 697 798 dixis‘·

74 824 115 893 set,
124 843 173 879 non
184 818 206 880 sc
215 825 291 879 l'olum
298 823 357 878 velle
367 824 411 880 effe
417 824 539 892 Arbitrum
549 827 652 896 Imperii,
662 823 698 877 id-

13 906 14 909 ’
75 922 121 977 que
137 906 268 973 juramento
286 905 406 972 intendere
424 904 575 973 confirmare,
594 902 696 957 sublatus

74 980 196 1041 Confestim
207 983 295 1059 clamor
311 984 342 1037 eil
354 983 524 1052 multitudini5‚
540 985 622 1037 statum
634 982 703 1036 hunc·

74 1058 115 1114 fibi
125 1079 174 1115 non
186 1061 283 1135 placere,
298 1082 388 1118 morem
403 1063 467 1117 hunc
486 1063 530 1116 elle
550 1061 697 1128 insolentem,

75 1138 134 1193 nihil
144 1138 201 1195 boni
211 1139 335 1212 capellan,
350 1140 366 1195 fi
382 1146 413 1195 ita
428 1143 542 1195 statuatur.
577 1138 647 1194 Fullo
657 1140 698 1192 de-

75 1218 129 1271 inde
140 1216 242 1288 silentio,
254 1220 315 1273 idern
331 1223 416 1274 iterum
432 1222 526 1291 repetiit
539 1217 644 1287 basilius,
658 1216 698 1271 secl

76 1300 162 1359 iterum
186 1316 282 1371 quoquc
294 1297 449 1352 vociferatum
465 1299 509 1365 est,
524 1317 573 1351 non
588 1297 699 1368 expedire

75 1374 124 1429 hoc
134 1378 219 1445 Patria,
228 1375 321 1446 repetiit
335 1379 444 1444 tertium,
459 1378 555 1431 tertium
569 1393 652 1429 omnes
665 1393 702 1429 re-

76 1452 210 1509 clamarunt.
247 1455 336 1509 Addita
348 1459 404 1529 quin
420 1459 488 1509 etiam
506 1473 589 1524 vocer,
605 1454 699 1510 abstine·

77 1547 114 1586 ret
129 1552 141 1587 a
156 1534 266 1602 iurandm
280 1553 309 1587 ne
325 1547 430 1604 regnaret
445 1538 532 1607 patim,
544 1553 614 1607 quam
625 1537 657 1587 ita
666 1552 702 1587 re-

76 1624 163 1682 gnaret
199 1617 287 1667 Verum
298 1612 389 1667 Bafilius
400 1617 470 1679 minis
481 1615 553 1682 magis
563 1609 700 1666 metrorum

76 1687 271 1764 adducluuquam
282 1692 406 1762 perlualin,
415 1689 482 1745 tallia
492 1692 565 1760 sacris,
574 1692 701 1746 sacramen·
785 1727 786 1731 ,

76 1781 103 1824 tn
118 1765 163 1823 sese
178 1768 302 1825 nbll'riunit
316 1769 343 1823 ad
363 1768 520 1842 mortubrum,
537 1765 606 1844 atque
622 1773 653 1824 ita
676 1774 701 1823 in

77 1848 178 1901 Rulliani
194 1849 339 1903 Aristocratia
354 1852 456 1921 irrepuit.
493 1846 566 1926 Quos
581 1867 638 1902 vero
653 1846 702 1901 fru-

78 1923 129 1997 clus
157 1927 226 1983 nobis
247 1927 286 1982 ille
313 1926 405 1982 attulit?
428 1926 564 1982 incredibile
590 1926 655 1982 ditlu
670 1928 701 1981 cst

79 2011 162 2079 quauta
173 2006 255 2060 damna
265 2020 346 2062 exorta
357 2006 412 2074 fint‚
423 2007 539 2080 &quanta
550 2007 618 2079 pestis
627 2010 702 2061 conti*

78 2103 127 2138 nuo
155 2084 336 2158 quaquaversum
364 2087 411 2138 sele
435 2088 549 2140 effuderit.
586 2087 703 2155 Ingruerat

79 2175 136 2216 tunc
149 2160 237 2216 bellurn
247 2160 397 2229 Polunicuim
413 2164 469 2237 quid
484 2177 535 2218 tum
550 2162 635 2218 nostri?
653 2161 702 2215 frua

9 2248 12 2256 ’
78 2241 120 2295 tlra
133 2239 265 2315 qualrviffes
276 2240 412 2307 consensum
423 2246 555 2297 animorum
564 2240 646 2295 frustra
654 2236 704 2296 cnl-

80 2319 124 2374 lata
140 2323 306 2377 incommune
324 2317 435 2388 confilia‚
454 2319 533 2374 frustra
550 2338 629 2373 curam
644 2318 704 2374 boni

80 2397 175 2472 publici.
213 2406 245 2454 At
257 2398 346 2456 hostilis
357 2397 456 2454 incurfio
470 2399 537 2453 inllar
552 2402 634 2470 agitati
649 2395 704 2455 ven-²

80 2481 111 2533 tis
121 2479 222 2532 incendii
232 2469 303 2552 longe
314 2479 403 2555 lateque
411 2478 546 2551 peciolam,
555 2498 639 2534 omnes
652 2499 706 2552 pru«
767 2545 770 2564 Ι

81 2577 111 2630 pe
122 2561 215 2629 imperii
225 2559 282 2613 fines
293 2560 422 2631 occupavit.
458 2562 488 2611 Et
498 2577 529 2612 eo
539 2571 639 2613 ventum
650 2572 705 2623 erat,

82 2649 108 2691 ut
123 2634 189 2709 plane
204 2633 282 2693 atrum
298 2633 342 2693 elle
355 2635 524 2708 de'llepublica
536 2638 665 2702 videretur,
681 2649 705 2688 et

617 2732 706 2768 mirum
