1641 3011
182 170 512 293 inanimalium
527 213 634 270 Dicas.
678 221 720 290 '¹35

5 384 9 387 ‚
64 400 72 408 f,
92 338 142 409 lm,
160 342 223 394 Gens
234 339 342 409 Slavom,
353 343 449 395 nomine
460 340 503 394 suo
512 338 571 394 olim
582 340 715 412 digniffitna

92 419 241 474 Tatarotum'
255 420 373 491 Tymnnis
395 421 420 474 in
440 420 577 473 servitutem
596 420 717 474 concellitl

92 499 149 554 Heu
160 497 286 561 miseranda
300 497 384 552 Patria!
394 497 435 557 ubi
448 511 506 574 tune
520 497 613 569 pristina
625 511 664 552 tua
672 498 717 552 de-

55 613 57 615 >
92 575 157 630 sota!
169 574 210 630 ubi
220 578 339 649 splendet,
354 596 418 647 opes,
432 574 554 648 potentia?
568 575 663 631 ubinam
673 574 718 630 lul-

92 657 226 710 minattices
241 658 314 728 copia
331 652 393 708 tua?
414 653 542 727 Obstupuit
554 653 639 721 Gabia,
661 665 718 711 cum

92 733 246 806 conspeuiffet
256 748 304 789 tam
314 732 448 799 bellicosam
459 735 580 788 nationem
589 732 675 789 fadum
684 735 717 788 el·

91 810 116 864 se
126 813 224 883 praedam
234 809 426 868 latrocinantium
436 813 591 875 advenatu1n;
606 826 718 887 tanquam

91 887 174 946 stellet
183 892 308 960 letuiviva,
323 904 363 950 aut
378 888 498 964 profundo
509 891 613 945 demersa
625 892 716 946 tonino,

27 1027 29 1030 ,
90 973 124 1023 At
135 988 191 1025 veto
202 969 268 1025 aliter
278 972 328 1025 fieri
339 973 388 1025 non
400 965 485 1043 potuit.
523 973 642 1049 Quamvis
653 974 717 1026 enim

32 1046 34 1049 ’
89 1050 179 1116 grande
193 1050 322 1105 admodum
332 1068 417 1121 corpus
428 1054 453 1103 in
462 1048 540 1122 plutes
551 1064 629 1103 tamen
640 1063 716 1121 partes

89 1124 236 1197 laceratum,
258 1146 303 1203 qua
320 1131 410 1185 tatione
427 1129 546 1184 invadenti
558 1127 658 1184 tefistere
671 1148 715 1203 po-

47 1200 48 1205 *
89 1210 151 1274 tuit,
169 1210 258 1261 minori
273 1207 329 1261 lieet
342 1207 487 1279 peregrino?
524 1212 583 1284 Quae
597 1209 715 1275 autem&
770 1223 774 1226 “

90 1283 168 1356 qualia
182 1297 240 1338 tuno
251 1283 347 1358 sequuta
362 1283 423 1339 lint?
440 1280 576 1356 supremum
591 1286 715 1340 videbatur

89 1364 193 1415 exitium
207 1362 254 1415 heu
268 1380 339 1435 quam
354 1361 471 1426 horrescit
481 1364 575 1415 animus
590 1363 715 1427 tristill'tma
748 1364 750 1369 ’

88 1437 128 1491 illa
139 1437 233 1508 referte,
248 1438 354 1508 &ueluti
363 1438 456 1506 vulnus,
470 1438 564 1509 pridem
578 1441 626 1506 jam
636 1444 715 1511 opitu·

89 1514 151 1571 laute
161 1520 266 1572 Numine
277 1515 420 1586 obdudlutn,
430 1518 587 1571 memorando
599 1516 715 1573 refricare.

88 1599 151 1667 Ergo
167 1595 245 1673 aliqua
261 1615 311 1651 non
325 1599 406 1650 omnia
416 1593 500 1651 cursim
510 1594 656 1672 stridimque
666 1610 716 1652 tan-

87 1692 171 1743 gemus
183 1687 282 1729 tantum.
319 1675 408 1728 Census
418 1687 467 1728 erat
477 1679 581 1744 capitum
591 1676 669 1746 sapius
680 1694 715 1729 te·

87 1756 175 1823 petitus
191 1771 235 1824 pro
245 1750 374 1824 pendentiis
384 1753 518 1822 Tyrannidi
528 1752 631 1814 tributis,
667 1758 713 1807 Ex-

88 1830 169 1886 hausta
180 1830 237 1885 hine
247 1832 303 1886 inde
311 1834 395 1899 aratia,
410 1849 458 1886 non
473 1830 592 1885 afferenda
603 1829 712 1901 libertati,

89 1909 131 1963 sed
146 1909 252 1963 servituti
267 1910 442 1966 confirmandae:
459 1907 534 1964 Multa
548 1909 634 1981 oppida
644 1912 669 1964 in
680 1910 713 1964 ci-

87 1987 279 2042 neremtedadla:
291 1988 711 2060 MultaSacraeaedeseuulla:Magno

87 2065 145 2138 sape
155 2084 255 2120 numero
265 2063 311 2119 eali
322 2066 416 2136 incolae,
431 2083 480 2120 non
491 2065 569 2120 habita
580 2070 673 2123 tatione
685 2088 712 2121 a·

71 2149 75 2154 ”
88 2149 151 2215 tatia,
161 2145 392 2214 soxusconditionis.
428 2147 564 2218 Principum
570 2149 656 2200 interea
663 2161 711 2200 tur-

89 2227 126 2295 pis
141 2242 220 2279 cotani
230 2222 329 2296 profano
345 2223 409 2278 dono
425 2222 528 2280 adulatio
538 2246 546 2297 :¹
572 2222 661 2299 Ipsique
675 2223 712 2279 illi

87 2321 137 2377 non
148 2322 200 2357 raro
211 2301 278 2357 dulli
288 2307 312 2355 in
320 2301 422 2371 uincula,
434 2301 488 2356 tmfi
499 2307 643 2371 incaseatos,
654 2308 712 2377 quin

88 2380 112 2433 de
123 2380 247 2454 horrendis
258 2398 306 2436 non
312 2383 385 2464 pauci
391 2379 509 2451 suppliciis
519 2379 609 2436 ausui:
628 2381 713 2454 lpfiin·

34 2485 35 2495 ³
88 2458 157 2530 supet
173 2457 208 2511 illi
222 2463 329 2529 graviora
343 2458 384 2513 libi
404 2458 468 2512 ultto
487 2459 629 2516 arcellebant
643 2460 712 2529 naula,

88 2540 136 2605 jam
147 2554 188 2607 pet
199 2555 267 2592 vassas
278 2539 301 2593 o
312 2535 418 2593 imbelles
428 2535 570 2593 rebelliones
580 2554 587 2608 3
610 2541 658 2607 jam
671 2557 711 2611 pet

88 2628 182 2674 mutuas
191 2615 288 2673 suomm
297 2616 426 2675 delationes
437 2629 507 2692 atque
514 2618 650 2682 calumnias.
665 2616 712 2671 Sed

408 2702 418 2751 l
435 2713 452 2770 4
657 2697 711 2770 quis
