1641 3011
101 127 104 130 ·
178 108 398 185 unrioinnrn
416 108 635 164 nnounnsrvu.
676 128 712 182 99

87 250 122 300 ro,
139 242 166 284 ut
183 229 293 287 miracula
309 233 358 287 vivi
368 232 405 286 vel
415 222 468 307 post
477 230 573 287 obitum
586 244 712 305 patremus,

85 310 125 363 sed
136 310 238 365 dicimus
253 312 303 365 dari
318 314 421 381 meritn,
438 311 475 367 vel
485 311 518 365 ob
528 314 611 365 merita
623 310 713 365 sandio-

2 456 3 459 ,
86 408 140 442 rum
150 389 201 443 ficri
212 389 337 462 miracula,
359 389 407 444 hoc
420 394 465 461 est,
482 396 561 446 Deum
574 388 715 446 Sandorunr

86 484 187 539 corpora
204 468 317 523 affumere
332 486 375 541 pro
385 470 546 526 instrumentis
557 469 587 524 ad
596 469 660 523 suan]
670 487 715 540 po·

86 548 187 600 tentiam
196 547 377 616 ostendendam,
391 551 480 623 quippe
494 568 544 623 qua
553 547 624 602 bunis
634 550 715 620 operi-

87 622 132 678 bus
143 624 251 697 digniora
267 628 356 681 caeteris
368 625 450 682 effedia
461 626 521 696 sunt,
532 627 664 700 licereriarn
673 644 714 698 per

86 707 167 758 minus
179 706 250 776 digna
258 706 321 760 idem
329 707 430 777 praestare
439 706 517 779 poisat,
527 705 544 760 fi
553 705 594 779 ipsi
600 711 631 761 ita
638 707 715 761 visum

86 779 167 837 fuerit.
205 790 238 838 lta
249 802 300 839 raro
306 785 435 839 admodum
446 788 515 855 impii
525 789 644 839 vaticinati
653 786 714 854 sunt,

87 861 126 915 sed
142 862 171 915 ad
190 882 277 917 munus
292 865 432 931 hujusmodi
449 863 613 935 deligebantur
623 864 714 935 semper
780 858 782 861 ’

86 940 156 1011 probi
168 942 192 995 dr
202 946 237 996 SS.
250 942 372 1012 homiues,
387 946 444 997 item
458 961 555 1015 propter
568 946 652 998 merita
662 943 714 997 fieri

86 1016 228 1074 miraculum
238 1021 285 1074 dici
296 1023 379 1092 potest,
390 1023 456 1094 quod
466 1026 531 1075 Dens
542 1040 659 1075 coronans
666 1024 713 1074 vir-

87 1109 162 1151 tutem
172 1101 196 1150 in
206 1099 269 1166 calu,
283 1102 352 1152 eriam
364 1103 453 1153 aeternis
459 1097 598 1171 quibusdam
605 1097 672 1168 fignis
679 1111 713 1151 tc-

86 1174 164 1230 statam
181 1175 225 1229 eise
235 1174 303 1230 faciat
313 1180 337 1230 in
347 1190 408 1244 terra
418 1198 423 1231 ε
443 1196 491 1251 quo
503 1175 592 1231 facilius
602 1176 712 1232 homines

87 1253 713 1324 adimirationemsandioruminducantur‚vessigiiseo·

87 1350 139 1386 rum
150 1329 289 1399 minianu&
300 1336 324 1386 in
331 1329 479 1403 speprOmiffi
486 1334 713 1386 Diviniconfirrnen-

87 1423 131 1464 rur.
168 1411 234 1464 Ideni
247 1429 276 1464 eo
293 1412 357 1464 sensu
372 1413 446 1483 accipi
457 1412 541 1483 potest,
553 1413 618 1486 quod
628 1414 714 1465 Divina

87 1487 219 1559 benignitas
231 1492 303 1560 magis
313 1487 453 1557 sauciorum,
468 1508 536 1564 quani
551 1489 649 1544 aliorum
661 1509 714 1562 pre-

87 1566 153 1621 cibus
164 1581 293 1634 moveatur,
306 1572 336 1623 ira
348 1572 417 1622 ctiam
424 1582 451 1622 ur
461 1569 668 1622 extraordinarium
674 1568 714 1622 ali-

88 1646 145 1720 quid
155 1646 178 1699 dr
188 1644 294 1701 mirabile
304 1645 379 1717 faciat,
395 1666 444 1701 non
455 1647 518 1721 quod
530 1647 566 1700 vel
577 1665 658 1718 preces
675 1646 714 1700 vel

88 1728 170 1779 merita
182 1745 265 1781 corun]
276 1727 320 1780 talc
330 1727 416 1800 aliquid
427 1726 464 1780 vel
475 1729 574 1796 exigant,
586 1725 623 1778 vel
634 1728 713 1795 exige-

88 1821 114 1856 re
124 1803 184 1877 quasi
194 1803 300 1858 debiturn
312 1805 403 1877 pofflnr.
438 1807 546 1877 Denique
556 1820 584 1856 arr
593 1821 642 1856 non
652 1800 713 1857 farra

88 1882 141 1934 sunt
154 1884 242 1953 quaro,
259 1883 357 1952 plurima
373 1881 517 1953 periandros
532 1879 656 1935 miracula?
674 1887 713 1936 An

88 1977 137 2013 non
146 1961 210 2012 idern
219 1962 351 2030 promiserit
361 1958 478 2013 Christus?
494 1959 517 2012 dr
527 1959 674 2033 quodmagis
684 1960 713 2013 ad

87 2057 139 2092 rem
149 2038 248 2092 nostram
257 2038 297 2105 est,
312 2056 339 2091 an
350 2056 399 2090 non
409 2037 508 2092 aliorum
518 2056 613 2111 quoque
623 2035 713 2092 sando-

71 2135 141 2181 *rum
153 2129 232 2188 practer
241 2116 383 2183 Kijovienser
393 2118 498 2189 Corpora
512 2117 563 2189 post
575 2113 668 2171 obitum
677 2119 713 2181 in-

89 2207 151 2264 tegra
161 2195 333 2265 permanserint.
369 2196 450 2248 Sedent
459 2199 537 2265 igitur,
547 2194 598 2248 fiita
607 2192 719 2267 ipfilibet,

89 2271 226 2343 Habinna,
236 2274 259 2328 dr
268 2276 343 2349 quivis
353 2273 410 2328 alius
419 2278 561 2330 Divinorurn
573 2293 674 2347 operum
680 2277 715 2344 ju·
730 2314 731 2317 =

90 2354 147 2422 dex,
165 2352 310 2408 &icruretur
321 2354 396 2407 canios
410 2369 501 2422 eorum,
512 2352 581 2408 nobis
592 2355 677 2409 sufficit
686 2375 714 2410 o·

90 2433 193 2488 sscndere
203 2437 357 2509 integritatem
367 2431 426 2487 hanc
435 2438 470 2487 SS.
478 2437 613 2508 Corporum
623 2438 714 2490 Natura

90 2513 178 2569 viribus
186 2512 330 2589 nequaquam
340 2512 402 2586 posse
411 2511 490 2568 tribui.

383 2595 435 2649 Ga
637 2594 714 2668 Argu·
